% Encoding: windows-1252
@article{cable:1997,
	author = {Daniel Cable and Timothy Judge},
	year = {1997},
	month = {09},
	pages = {546-61},
	title = {Interviewers' Perceptions of Person–Organization Fit and Organizational Selection Decisions},
	volume = {82},
	number={4},
	journal = {The Journal of applied psychology},
	doi = {10.1037/0021-9010.82.4.546}
}

@INPROCEEDINGS{dwivedi:2017,
	author={Dwivedi, Surabhi and Roshni, V S Kumari},
	booktitle={2017 5th National Conference on E-Learning   E-Learning Technologies (ELELTECH)}, 
	title={Recommender system for big data in education}, 
	year={2017},
	volume={},
	number={},
	pages={1-4},
	doi={10.1109/ELELTECH.2017.8074993}
}

@article{cable:1996,
	title = {Person–Organization Fit, Job Choice Decisions, and Organizational Entry},
	journal = {Organizational Behavior and Human Decision Processes},
	volume = {67},
	number = {3},
	pages = {294-311},
	year = {1996},
	issn = {0749-5978},
	doi = {https://doi.org/10.1006/obhd.1996.0081},
	url = {https://www.sciencedirect.com/science/article/pii/S0749597896900813},
	author = {Daniel M. Cable and Timothy A. Judge}
}

@Book{dawis:1964,
	author={Ren{\'e} V. Dawis and George W. England and Lloyd H. Lofquist},
	title={A theory of work adjustment},
	year={1964},
	publisher={Industrial Relations Center, University of Minnesota},
	address={Minnesota},
	series={minnesota studies in vocational rehabilitation: xv}
}

@article{elfenbein:2007,
	author = {Hillary Anger Elfenbein and Charles A. O'Reilly},
	title ={Fitting In: The Effects of Relational Demography and Person-Culture Fit on Group Process and Performance},
	journal = {Group \& Organization Management},
	volume = {32},
	number = {1},
	pages = {109-142},
	year = {2007},
	doi = {10.1177/1059601106286882},
	URL = {https://doi.org/10.1177/1059601106286882},
	eprint = {https://doi.org/10.1177/1059601106286882}
}

@article{popovich:1982,
	ISSN = {03637425},
	URL = {http://www.jstor.org/stable/257223},
	author = {Paula Popovich and John P. Wanous},
	journal = {The Academy of Management Review},
	number = {4},
	pages = {570--578},
	publisher = {Academy of Management},
	title = {The Realistic Job Preview as a Persuasive Communication},
	volume = {7},
	year = {1982}
}

@article{edwards:1993b,
	author = {Jeffrey R. Edwards and Mark E. Parry},
	title = {On the Use of Polynomial Regression Equations As An Alternative to Difference Scores in Organizational Research},
	journal = {Academy of Management Journal},
	volume = {36},
	number = {6},
	pages = {1577-1613},
	year = {1993},
	doi = {10.5465/256822},
	URL = {https://doi.org/10.5465/256822},
	eprint = {https://doi.org/10.5465/256822},
}

@book{wanous:1992,
	author = {John Parcher Wanous},
	title = {Organizational Entry: Recruitment, Selection, Orientation, and Socialization of Newcomers},
	edition={2},
	series={The Addison-Wesley Series on Managing Human Resources},
	publisher = {Addison-Wesley},
	address   = {Reading, MA, United States},
	year = {1992}
}

@ARTICLE{lashani:2021,
	AUTHOR={Eileen Lashani and Hannes Zacher},   
	TITLE={Do We Have a Match? Assessing the Role of Community in Coworking Spaces Based on a Person-Environment Fit Framework},      
	JOURNAL={Frontiers in Psychology},      
	VOLUME={12},      
	PAGES={225},     
	YEAR={2021},      
	URL={https://www.frontiersin.org/article/10.3389/fpsyg.2021.620794},  
	DOI={10.3389/fpsyg.2021.620794},      
	ISSN={1664-1078},   
}

@article{kristof:1996,
	author = {Amy L. Kristof},
	title = {Person-Organization Fit: An integrative review of its conceptualizations, measurement, and implications},
	journal = {Personnel Psychology},
	volume = {49},
	number = {1},
	pages = {1-49},
	doi = {https://doi.org/10.1111/j.1744-6570.1996.tb01790.x},
	url = {https://onlinelibrary.wiley.com/doi/abs/10.1111/j.1744-6570.1996.tb01790.x},
	eprint = {https://onlinelibrary.wiley.com/doi/pdf/10.1111/j.1744-6570.1996.tb01790.x},
	year = {1996}
}

@article{lu:2014,
	title = {Does work engagement increase person–job fit? The role of job crafting and job insecurity},
	journal = {Journal of Vocational Behavior},
	volume = {84},
	number = {2},
	pages = {142-152},
	year = {2014},
	issn = {0001-8791},
	doi = {https://doi.org/10.1016/j.jvb.2013.12.004},
	url = {https://www.sciencedirect.com/science/article/pii/S0001879113001759},
	author = {Chang-qin Lu and Hai-jiang Wang and Jing-jing Lu and Dan-yang Du and Arnold B. Bakker},
	keywords = {Work engagement, Person–job fit, Job crafting, Job design, Job insecurity},
}

@Article{amarneh:2021,
	author={Saleh Amarneh and Ali Raza and Sheema Matloob and Raed Khamis Alharbi and Munir A. Abbasi},
	title={The Influence of Person-Environment Fit on the Turnover Intention of Nurses in Jordan: The Moderating Effect of Psychological Empowerment},
	journal={Nursing Research and Practice},
	year={2021},
	month={Mar},
	day={16},
	publisher={Hindawi},
	volume={2021},
	pages={6688603},
	issn={2090-1429},
	doi={10.1155/2021/6688603},
	url={https://doi.org/10.1155/2021/6688603}
}

@article{duan:2019,
	author = {Wenjie Duan and Yumei Li and Xiaoqing Tang and Hong Zhang and Xinfeng Cheng},
	title = {Determination of the Classification Role of Person–Environment Fit Scale for Creativity in Workplace Context},
	journal = {Creativity Research Journal},
	volume = {31},
	number = {2},
	pages = {198-206},
	year  = {2019},
	publisher = {Routledge},
	doi = {10.1080/10400419.2019.1594522},
	URL = {https://doi.org/10.1080/10400419.2019.1594522},
	eprint = {https://doi.org/10.1080/10400419.2019.1594522}
}

@article{werbel:2001,
	author = {James D. Werbel and Danny J. Johnson},
	title = {The Use of Person–Group Fit for Employment Selection: A Missing Link in Person–Environment Fit},
	journal = {Human Resource Management},
	volume = {40},
	number = {3},
	pages = {227-240},
	doi = {https://doi.org/10.1002/hrm.1013},
	url = {https://onlinelibrary.wiley.com/doi/abs/10.1002/hrm.1013},
	eprint = {https://onlinelibrary.wiley.com/doi/pdf/10.1002/hrm.1013},
	year = {2001}
}

@article{neuenschwander:2021,
	author = {Markus P. Neuenschwander and Jan Hofmann},
	title ={Career Decision, Work Adjustment, and Person–Job Fit of Adolescents: Moderating Effects of Parental Support},
	journal = {Journal of Career Development},
	pages = {0894845321995960},
	year = {2021},
	month={2},
	doi = {10.1177/0894845321995960},
	URL = {https://doi.org/10.1177/0894845321995960},
	eprint = {https://doi.org/10.1177/0894845321995960}
}

@article{choi:2004,
	author = {Jin Nam Choi},
	title ={Person–Environment Fit and Creative Behavior: Differential Impacts of Supplies–Values and Demands–Abilities Versions of Fit},
	journal = {Human Relations},
	volume = {57},
	number = {5},
	pages = {531-552},
	year = {2004},
	doi = {10.1177/0018726704044308},
	URL = {https://doi.org/10.1177/0018726704044308},
	eprint = {https://doi.org/10.1177/0018726704044308},
}

@article{french:1963,
	doi = {10.1111/j.1540-4560.1963.tb00457.x},
	url = {https://doi.org/10.1111/j.1540-4560.1963.tb00457.x},
	year = {1963},
	month = oct,
	publisher = {The Society for the Psychological Study of Social Issues},
	volume = {19},
	number = {4},
	pages = {39--56},
	author = {John R. P. {French, Jr.}},
	title = {{SPSSI} {PRESIDENTIAL} {ADDRESS}-1963: The Social Environment and Mental Health},
	journal = {Journal of Social Issues}
}

@article{french:1966,
	author = {John R. P. {French Jr.} and John J. Sherwood and David L. Bradford},
	title ={Change in Self-identity in a Management Training Conference},
	journal = {The Journal of Applied Behavioral Science},
	volume = {2},
	number = {2},
	pages = {210-218},
	year = {1966},
	doi = {10.1177/002188636600200208},
	URL = { https://doi.org/10.1177/002188636600200208},
	eprint = {https://doi.org/10.1177/002188636600200208}
}

@article{chatman:1989,
	author = {Jennifer A. Chatman},
	title = {Improving Interactional Organizational Research: A Model of Person-Organization Fit},
	journal = {Academy of Management Review},
	volume = {14},
	number = {3},
	pages = {333-349},
	year = {1989},
	doi = {10.5465/amr.1989.4279063},
	eprint = {https://doi.org/10.5465/amr.1989.4279063},
}

@book{murray:1938,
	title={Explorations in Personality: A clinical and experimental study of fifty men of college age},
	author={Henry A. Murray},
	url={https://archive.org/details/in.ernet.dli.2015.202783/page/n7/mode/2up?q=press},
	year={1938},
	publisher={Oxford University Press},
	address={New York},
}

@book{lewin:1936,
	title={Principles Of Topological Psychology},
	author={Kurt Lewin},
	url={https://archive.org/details/principlesoftopo011804mbp/page/n33/mode/2up},
	year={1936},
	edition={1},
	impression={6},
	publisher={McGraw-Hill Book Company, Inc.},
	address={New York, London},
}

@book{stern:1900,
	title={{\"U}ber Psychologie der individuellen Differenzen: Ideen zu einer "Differentiellen Psychologie"},
	author={William Stern},
	number={12},
	volume={3},
	series={Schriften der Gesellschaft f{\"u}r psychologische Forschung},
	url={https://books.google.de/books?id=Dm7faxNrbHYC},
	year={1900},
	publisher={Verlag von Johann Amrbosius Barth},
	address={Leipzig},
}

@article{devendorf:2008,
	author = {Shelba A. Devendorf and Scott Highhouse},
	title = {Applicant–employee similarity and attraction to an employer},
	journal = {Journal of Occupational and Organizational Psychology},
	volume = {81},
	number = {4},
	pages = {607-617},
	doi = {https://doi.org/10.1348/096317907X248842},
	url = {https://bpspsychub.onlinelibrary.wiley.com/doi/abs/10.1348/096317907X248842},
	eprint = {https://bpspsychub.onlinelibrary.wiley.com/doi/pdf/10.1348/096317907X248842},
	year = {2008}
}

@article{roberts:2006,
	title = {Personality Development and Organizational Behavior},
	journal = {Research in Organizational Behavior},
	volume = {27},
	pages = {1-40},
	year = {2006},
	issn = {0191-3085},
	doi = {https://doi.org/10.1016/S0191-3085(06)27001-1},
	url = {https://www.sciencedirect.com/science/article/pii/S0191308506270011},
	author = {Brent W. Roberts},
}

@article{cable:2001,
	author = {Daniel M. Cable and Charles K. Parsons},
	title = {Socialization Tactics And Person-Organization Fit},
	journal = {Personnel Psychology},
	volume = {54},
	number = {1},
	pages = {1-23},
	doi = {https://doi.org/10.1111/j.1744-6570.2001.tb00083.x},
	url = {https://onlinelibrary.wiley.com/doi/abs/10.1111/j.1744-6570.2001.tb00083.x},
	eprint = {https://onlinelibrary.wiley.com/doi/pdf/10.1111/j.1744-6570.2001.tb00083.x},
	year = {2001}
}

@article{porfeli:2009,
	author = {Erik J. Porfeli},
	title = {Hugo Münsterberg and the Origins of Vocational Guidance},
	journal = {The Career Development Quarterly},
	volume = {57},
	number = {3},
	pages = {225-236},
	doi = {10.1002/j.2161-0045.2009.tb00108.x},
	url = {https://onlinelibrary.wiley.com/doi/abs/10.1002/j.2161-0045.2009.tb00108.x},
	eprint = {https://onlinelibrary.wiley.com/doi/pdf/10.1002/j.2161-0045.2009.tb00108.x},
	year = {2009}
}

@article{salgado:2001,
	doi = {10.1111/1468-2389.00159},
	url = {https://doi.org/10.1111/1468-2389.00159},
	year = {2001},
	month = mar,
	publisher = {Wiley},
	volume = {9},
	number = {1{\&}2},
	pages = {3--8},
	author = {Jesus F. Salgado},
	title = {Some Landmarks of 100 Years of Scientific Personnel Selection at the Beginning of the New Century},
	journal = {International Journal of Selection and Assessment}
}

@inbook{edwards:1991,
	author = {Jeffrey R. Edwards},
	publisher = {Wiley},
	title = {Person-Job Fit: A Conceptual Integration, Literature Review, and Methological Critique},
	booktitle = {International Review of Industrial and Organizational Psychology},
	chapter = {8},
	pages = {283-357},
	year = {1991},
	editor={Cary Cooper and Ivan T. Robertson},
	volume={6}
}

@article{schneider:1995,
	author = {Benjamin Schneider and Harold W. Goldstein and Brent D. Smith},
	title = {The ASA Framework: An Update},
	journal = {Personnel Psychology},
	volume = {48},
	number = {4},
	pages = {747-773},
	doi = {https://doi.org/10.1111/j.1744-6570.1995.tb01780.x},
	url = {https://onlinelibrary.wiley.com/doi/abs/10.1111/j.1744-6570.1995.tb01780.x},
	eprint = {https://onlinelibrary.wiley.com/doi/pdf/10.1111/j.1744-6570.1995.tb01780.x},
	year = {1995}
}

@article{edwards:1990,
	doi = {10.1002/job.4030110405},
	url = {https://doi.org/10.1002/job.4030110405},
	year = {1990},
	month = jul,
	publisher = {Wiley},
	volume = {11},
	pages = {293--307},
	author = {Jeffrey R. Edwards and Cary L. Cooper},
	title = {The person-environment fit approach to stress: Recurring problems and some suggested solutions},
	journal = {Journal of Organizational Behavior}
}

@article{edwards:2017,
	doi = {10.1037/apl0000109},
	url = {https://doi.org/10.1037/apl0000109},
	year = {2017},
	month = mar,
	publisher = {American Psychological Association ({APA})},
	volume = {102},
	number = {3},
	pages = {389--402},
	author = {Paul D. Bliese and Jeffrey R. Edwards and Sabine Sonnentag},
	title = {Stress and well-being at work: A century of empirical trends reflecting theoretical and societal influences.},
	journal = {Journal of Applied Psychology}
}

@article{edwards:2008,
	doi = {10.5465/19416520802211503},
	url = {https://doi.org/10.5465/19416520802211503},
	year = {2008},
	month = jan,
	publisher = {Academy of Management},
	volume = {2},
	number = {1},
	pages = {167--230},
	author = {Jeffrey R. Edwards},
	title = {Person{\textendash}Environment Fit in Organizations: An Assessment of Theoretical Progress},
	journal = {The Academy of Management Annals}
}

@inbook{edwards:2007,
	booktitle={Perspectives on Organizational Fit},
	title={The relationship between person-environment fit and outcomes: An integrative theoretical framework},
	author={Jeffrey R. Edwards and Abbie J. Shipp},
	pages={209--258},
	year={2007},
	month={6},
	day={15},
	publisher={Psychology Press},
	address={San Francisco},
	edition={1},
	editor={Cheri Lee Ostroff and Timothy A. Judge},
	series={The Organizational Frontiers Series},
	url={https://doi.org/10.4324/9780203810026},
	doi={10.4324/9780203810026}
}

@article{edwards:2004,
	doi = {10.1037/0021-9010.89.5.822},
	url = {https://doi.org/10.1037/0021-9010.89.5.822},
	year = {2004},
	publisher = {American Psychological Association ({APA})},
	volume = {89},
	number = {5},
	pages = {822--834},
	author = {Daniel M. Cable and Jeffrey R. Edwards},
	title = {Complementary and Supplementary Fit: A Theoretical and Empirical Integration},
	journal = {Journal of Applied Psychology}
}

@article{edwards:1996,
	doi = {10.5465/256782},
	url = {https://doi.org/10.5465/256782},
	year = {1996},
	publisher = {Academy of Management},
	volume = {39},
	number = {2},
	pages = {292--339},
	author = {Jeffrey R. Edwards},
	title = {An examination of competing versions of the person-environment fit approach to stress},
	journal = {Academy of Management Journal}
}

@article{chatman:1991,
	author = {Charles A. O'Reilly and Jennifer Chatman and David F. Caldwell},
	title = {People and organizational culture: A profile comparison approach to assessing person-organization fit},
	journal = {Academy of Management Journal},
	volume = {34},
	number = {3},
	pages = {487--516},
	year = {1991},
	doi = {10.5465/256404},
	URL = {https://doi.org/10.5465/256404},
	eprint = {https://doi.org/10.5465/256404}
}

@article{livingstone:1997,
	author = {Linda P. Livingstone and Debra L. Nelson and Steve H. Barr},
	title ={Person-Environment Fit and Creativity: An Examination of Supply-Value and Demand-Ability Versions of Fit},
	journal = {Journal of Management},
	volume = {23},
	number = {2},
	pages = {119-146},
	year = {1997},
	doi = {10.1177/014920639702300202},
	URL = {https://doi.org/10.1177/014920639702300202},
	eprint = {https://doi.org/10.1177/014920639702300202}
}

@article{edwards:1993,
	doi = {10.1037/0021-9010.78.4.628},
	url = {https://doi.org/10.1037/0021-9010.78.4.628},
	year = {1993},
	publisher = {American Psychological Association, Inc.},
	volume = {78},
	number = {4},
	pages = {628--648},
	author = {Jeffrey R. Edwards and R. Van Harrison},
	title = {Job Demands and Worker Health: Three-Dimensional Reexamination of the Relationship Between Person-Environment fit and strain},
	journal = {Journal of Applied Psychology}
}

@article{caplan:1987,
	title = {Person-environment fit theory and organizations: Commensurate dimensions, time perspectives, and mechanisms},
	journal = {Journal of Vocational Behavior},
	volume = {31},
	number = {3},
	pages = {248--267},
	year = {1987},
	issn = {0001-8791},
	doi = {https://doi.org/10.1016/0001-8791(87)90042-X},
	url = {https://www.sciencedirect.com/science/article/pii/000187918790042X},
	author = {Robert D Caplan}
}

@article{eggerth:2008,
	author = {Donald E. Eggerth},
	title ={From Theory of Work Adjustment to Person–Environment Correspondence Counseling: Vocational Psychology as Positive Psychology},
	journal = {Journal of Career Assessment},
	volume = {16},
	number = {1},
	pages = {60-74},
	year = {2008},
	doi = {10.1177/1069072707305771},
	URL = {https://doi.org/10.1177/1069072707305771},
	eprint = {https://doi.org/10.1177/1069072707305771},
}

@book{dawis:2002,
	title={Person-Environment-Correspondence Theory},
	author={Rene V. Dawis},
	booktitle={Career Choice and Development},
	editor={Duane Brown},
	isbn={9780787966522},
	lccn={2002005599},
	year={2002},
	month = {07},
	day = {15},
	pagecount = {560},
	edition={4},
	url={https://books.google.de/books?id=U0SZRvNz4S8C},
	publisher={Wiley},
	address={San Francisco},
	chapter={10}
}

@book{caplan:1980,
	title={Arbeit und Gesundheit: Streß und seine Auswirkungen bei verschiedenen Berufen},
	author={Robert D. Caplan and Sidney Cobb and John R. P. {French, Jr.} and R. Van Harrison and S. R. {Pinneau, Jr.}},
	editor={Eberhard Ulich},
	number={35},
	publisher={Hans Huber},
	address={Bern and Stuttgart and Wien},
	year={1982},
	series={Schriften zur Arbeitspsychologie}
}

@inbook{harrison:1985,
	booktitle = {Human Stress and Cognition in Organizations: An Integrated Perspective},
	editor = {Terry A. Beehr and Rabi S. Bhagat},
	year = {1985},
	month = {05},
	day = {03},
	isbn = {9780471869542},
	title={The person–environment fit model and the study of job stress},
	author={R. Van Harrison},
	pages={23--55},
	publisher={Wiley},
	address={New York, USA}	
}

@article{player:2017,
	title = {How principal leadership and person-job fit are associated with teacher mobility and attrition},
	journal = {Teaching and Teacher Education},
	volume = {67},
	pages = {330-339},
	year = {2017},
	issn = {0742-051X},
	doi = {https://doi.org/10.1016/j.tate.2017.06.017},
	url = {https://www.sciencedirect.com/science/article/pii/S0742051X17310065},
	author = {Daniel Player and Peter Youngs and Frank Perrone and Erin Grogan},
	keywords = {Teacher retention, Fit, Teacher organization fit, Teacher school fit, Teacher attrition, School leadership}
}

@article{guan:2021,
	title = {Theorizing person-environment fit in a changing career world: Interdisciplinary integration and future directions},
	journal = {Journal of Vocational Behavior},
	volume = {126},
	pages = {103557},
	year = {2021},
	issn = {0001-8791},
	doi = {https://doi.org/10.1016/j.jvb.2021.103557},
	url = {https://www.sciencedirect.com/science/article/pii/S0001879121000294},
	author = {Yanjun Guan and Hong Deng and Lanyue Fan and Xinyi Zhou},
}

@article{caplan:1993,
	doi = {10.1111/j.1540-4560.1993.tb01192.x},
	url = {https://doi.org/10.1111/j.1540-4560.1993.tb01192.x},
	year = {1993},
	month = jan,
	publisher = {Wiley},
	volume = {49},
	number = {4},
	pages = {253--275},
	author = {Robert D. Caplan and R. Harrison},
	title = {Person-Environment Fit Theory: Some History,  Recent Developments,  and Future Directions},
	journal = {Journal of Social Issues}
}

@incollection{su:2015,
	doi = {10.1037/14438-005},
	url = {https://doi.org/10.1037/14438-005},
	year = {2015},
	publisher = {American Psychological Association},
	pages = {81--98},
	author = {Rong Su and Chris Murdock and James Rounds},
	title = {Person-environment fit},
	booktitle = {{APA} Handbook of Career Intervention},
	volume={1},
	isbn={978-1-4338-1753-3},
	editor={Paul J. Hartung and Mark L. Savickas and W. Bruce Walsh},
	series={{APA} Handbooks in Psychology Series},
	chapter={5}
}

@article{carless:2005,
	doi = {10.1348/096317905x25995},
	url = {https://doi.org/10.1348/096317905x25995},
	year = {2005},
	month = sep,
	publisher = {Wiley},
	volume = {78},
	number = {3},
	pages = {411--429},
	author = {Sally A. Carless},
	title = {Person-job fit versus person-organization fit as predictors of organizational attraction and job acceptance intentions: A longitudinal study},
	journal = {Journal of Occupational and Organizational Psychology}
}

@article{kevles:1968,
	ISSN = {00218723, 19360967},
	URL = {http://www.jstor.org/stable/1891014},
	author = {Daniel J. Kevles},
	journal = {The Journal of American History},
	number = {3},
	pages = {565--581},
	publisher = {Oxford University Press, Organization of American Historians},
	title = {Testing the Army{'}s Intelligence: Psychologists and the Military in World War I},
	volume = {55},
	year = {1968}
}

@article{chatman:1998,
	ISSN = {00018392},
	URL = {http://www.jstor.org/stable/2393615},
	author = {Jennifer A. Chatman and Jeffrey T. Polzer and Sigal G. Barsade and Margaret A. Neale},
	journal = {Administrative Science Quarterly},
	number = {4},
	pages = {749--780},
	publisher = {Sage Publications, Inc.},
	title = {Being Different Yet Feeling Similar: The Influence of Demographic Composition and Organizational Culture on Work Processes and Outcomes},
	volume = {43},
	year = {1998}
}

@inbook{edwards:2002,
	title={Alternatives to Difference Scores: Polynomial Regression Analysis and Response Surface Methodology},
	author={Jeffrey R. Edwards},
	chapter={11},
	booktitle={Measuring and Analyzing Behavior in Organizations: Advances in Measurement and Data Analysis},
	pages={350--400},
	year={2001},
	month={11},
	publisher={Jossey-Bass},
	address={San Francisco},
	editor={Fritz Drasgow and Neal Schmitt},
	series={J-B SIOP Frontiers Series}
}

@inbook{mcgrath:1976,
	title={Stress and Behavior in Organizations},
	author={Joseph E. McGrath},
	chapter={31},
	booktitle={Handbook of Industrial and Organisational Psychology},
	pages={1351--1395},
	year={1976},
	publisher={Rand McNally College Publishing Company},
	address={Chicago},
	editor={Marvin D. Dunnette}	
}

@inbook{locke:1976,
	title={The Nature and Causes of Job Satisfaction},
	author={Edwin A. Locke},
	chapter={30},
	booktitle={Handbook of Industrial and Organisational Psychology},
	pages={1297--1349},
	year={1976},
	publisher={Rand McNally College Publishing Company},
	address={Chicago},
	editor={Marvin D. Dunnette}	
}

@inbook{edwards:1998,
	title={Person-environment fit theory: Conceptual foundations, empirical evidence, and directions for future research},
	author={Jeffrey R. Edwards and Robert D. Caplan and R. Van Harrison},
	booktitle={Theories of Organizational Stress},
	pages={28--67},
	year={1998},
	month={10},
	day={29},
	publisher={Oxford University Press},
	address={Oxford, England},
	editor={Cary L. Cooper}	
}

@article{schneider:2001,
	title={Fits About Fit},
	author={Benjamin Schneider},
	journal={Applied Psychology: An International Review},
	volume={50},
	issue={1},
	pages={141--152},
	year={2001},
	publisher={Wiley Online Library},
	doi={10.1111/1464-0597.00051}
}

@book{parsons:1909,
	author={Frank Parsons},
	title={Choosing a Vocation},
	year={1909},
	publisher={Houghton Mifflin},
	isbn={9781409799283},
	lccn={09014718},
	url={https://books.google.de/books?id=ZC5DwTtQtZsC},
	address={Boston and New York}
}

@article{dumont:1995,
	doi = {10.1002/j.1556-6676.1995.tb01767.x},
	url = {https://doi.org/10.1002/j.1556-6676.1995.tb01767.x},
	year = {1995},
	month = mar,
	publisher = {Wiley},
	volume = {73},
	number = {4},
	pages = {371--378},
	author = {Frank Dumont and Andrew D. Carson},
	title = {Precursors of Vocational Psychology in Ancient Civilizations},
	journal = {Journal of Counseling {\&} Development}
}

@article{muchinsky:1987,
	title = {What is person-environment congruence? Supplementary versus complementary models of fit},
	journal = {Journal of Vocational Behavior},
	volume = {31},
	number = {3},
	pages = {268-277},
	year = {1987},
	issn = {0001-8791},
	doi = {https://doi.org/10.1016/0001-8791(87)90043-1},
	url = {https://www.sciencedirect.com/science/article/pii/0001879187900431},
	author = {Paul M Muchinsky and Carlyn J Monahan}
}

@inbook{copingAndAdaption:1974,
	booktitle={Coping and Adaptation},
	title={Adjustment as Person-Environment Fit},
	chapter={11},
	editor={George V. Coelho and David A. Hamburg and John E. Adams},
	author={John R. P. {French Jr.} and Willard Rodgers and Sidney Cobb},
	address={New York, NY, USA},
	publisher={Basic Books, Inc.},
	year={1974},
	pages={316-333},
	month={10},
	day={3},
	edition={1}
}

@book{mechanismsOfJobStressAndStrain:1982,
	title={The Mechanisms of Job Stress and Strain},
	author={John R. P. {French Jr.} and Robert D. Caplan and R. Van Harrison},
	year={1982},
	month={04},
	day={20},
	pagecount = {160},
	isbn = {0-471-10177-X},
	publisher={Wiley},
	volume={7},
	address={Chichester and New York and Brisbane and Toronto and Singapore},
	series={Wiley series on studies in occupational stress},
	editor={Cary L. Cooper and S. V. Kasl},
	url={https://archive.org/details/mechanismsofjobs0000fren/page/n5/mode/2up},
}

@article{schuler:1980,
	title = {Definition and conceptualization of stress in organizations},
	journal = {Organizational Behavior and Human Performance},
	volume = {25},
	number = {2},
	pages = {184-215},
	year = {1980},
	issn = {0030-5073},
	doi = {https://doi.org/10.1016/0030-5073(80)90063-X},
	url = {https://www.sciencedirect.com/science/article/pii/003050738090063X},
	author = {Randall S. Schuler}
}

@article{cummings:1979,
	doi = {10.1177/001872677903200504},
	url = {https://doi.org/10.1177/001872677903200504},
	year = {1979},
	month = may,
	publisher = {{SAGE} Publications},
	volume = {32},
	number = {5},
	pages = {395--418},
	author = {Thomas G. Cummings and Cary L. Cooper},
	title = {A Cybernetic Framework for Studying Occupational Stress},
	journal = {Human Relations}
}

@article{karasek:1979,
	doi={10.2307/2392498},
	ISSN = {00018392},
	URL = {http://www.jstor.org/stable/2392498},
	author = {Robert A. Karasek},
	journal = {Administrative Science Quarterly},
	number = {2},
	pages = {285--308},
	publisher = {[Sage Publications, Inc., Johnson Graduate School of Management, Cornell University]},
	title = {Job Demands, Job Decision Latitude, and Mental Strain: Implications for Job Redesign},
	volume = {24},
	year = {1979}
}

@Inbook{lazarus:1978,
	author={Richard S. Lazarus and Raymond Launier},
	editor={Lawrence A. Pervin and Michael Lewis},
	title={Stress-Related Transactions between Person and Environment},
	bookTitle={Perspectives in Interactional Psychology},
	year={1978},
	publisher={Springer US},
	address={Boston, MA},
	pages={287--327},
	isbn={978-1-4613-3997-7},
	doi={10.1007/978-1-4613-3997-7_12},
	url={https://doi.org/10.1007/978-1-4613-3997-7_12}
}

@article{locke:1969,
	title = {What is job satisfaction?},
	journal = {Organizational Behavior and Human Performance},
	volume = {4},
	number = {4},
	pages = {309-336},
	year = {1969},
	issn = {0030-5073},
	doi = {https://doi.org/10.1016/0030-5073(69)90013-0},
	url = {https://www.sciencedirect.com/science/article/pii/0030507369900130},
	author = {Edwin A. Locke}
}

@book{workAdjustment:1964,
	author={René V. Dawis and George W. England and Lloyd H. Lofquist},
	title={A theory of work adjustment},
	year={1964},
	series={Minnesota studies in vocational rehabilitation},
	volume={15},
	url={https://vpr.psych.umn.edu/sites/vpr.umn.edu/files/files/monograph_xv_-_a_theory_of_work_adjustment.pdf}
}

@article{hackmanOldham:1987,
	title = {Work design as an approach to person-environment fit},
	journal = {Journal of Vocational Behavior},
	volume = {31},
	number = {3},
	pages = {278-296},
	year = {1987},
	issn = {0001-8791},
	doi = {https://doi.org/10.1016/0001-8791(87)90044-3},
	url = {https://www.sciencedirect.com/science/article/pii/0001879187900443},
	author = {Carol T Kulik and Greg R Oldham and J.Richard Hackman}
}

@book{theoryOfBehaviorInOrganizations:1980,
	title={A Theory of Behavior in Organizations},
	author={James C. Naylor and Robert D. Pritchard and Daniel R. Ilgen},
	year={1980},
	publisher={Academic Press},
	address={New York and London and Toronto and Sydney and San Francisco}
}

@inbook{harrison:1978,
	author={R. Van Harrison},
	booktitle = {Stress at Work},
	title={Person-environment fit and job stress},
	series = {Wiley series on studies in occupational stress},
	editor = {Cary L. Cooper and Roy Payne},
	address = {Chichester and New York and Brisbane and Toronto},
	publisher = {John Wiley \& Sons},
	year = {1978},
	isbn = {0471995479},
	chapter={7},
	page={175--205}
}

@article{greene:1972,
	title = {The satisfaction-performance controversy: New developments and their implications},
	journal = {Business Horizons},
	volume = {15},
	number = {5},
	pages = {31-41},
	year = {1972},
	issn = {0007-6813},
	doi = {https://doi.org/10.1016/0007-6813(72)90045-6},
	url = {https://www.sciencedirect.com/science/article/pii/0007681372900456},
	author = {Charles N. Greene}
}

@article{schwabCummings:1970,
	doi = {10.1111/j.1468-232x.1970.tb00524.x},
	url = {https://doi.org/10.1111/j.1468-232x.1970.tb00524.x},
	year = {1970},
	month = oct,
	publisher = {Wiley},
	volume = {9},
	number = {4},
	pages = {408--430},
	author = {Donald P. Schwab and Larry L. Cummings},
	title = {Theories of Performance and Satisfaction: A Review},
	journal = {Industrial Relations}
}

@book{jobDemandsAndWorkerHealth:1975,
	title={Job demands and worker health: Main effects and occupational differences},
	author={Robert D. Caplan and Sidney Cobb and John R. P. {French Jr.} and R. Van Harrison and S. R. Pinneau, Jr.},
	year={1975},
	publisher={U.S. Dept. of Health, Education, and Welfare, Public Health Service, Center for Disease Control, National Institute for Occupational Safety and Health : for sale by the Supt. of Docs., U.S. Govt. Print. Off.},
	series={HEW publication ; no. (NIOSH) 75-160},
	address={Washington},
	pages={342},
}

@article{cherringtonEngland:1980,
	title = {The desire for an enriched job as a moderator of the enrichment—satisfaction relationship},
	journal = {Organizational Behavior and Human Performance},
	volume = {25},
	number = {1},
	pages = {139-159},
	year = {1980},
	issn = {0030-5073},
	doi = {https://doi.org/10.1016/0030-5073(80)90030-6},
	url = {https://www.sciencedirect.com/science/article/pii/0030507380900306},
	author = {David J. Cherrington and J. {Lynn England}}
}

@article{lyons:1971,
	title = {Role clarity, need for clarity, satisfaction, tension, and withdrawal},
	journal = {Organizational Behavior and Human Performance},
	volume = {6},
	number = {1},
	pages = {99-110},
	year = {1971},
	issn = {0030-5073},
	doi = {https://doi.org/10.1016/0030-5073(71)90007-9},
	url = {https://www.sciencedirect.com/science/article/pii/0030507371900079},
	author = {Thomas F. Lyons}
}

@article{obrien:1980,
	doi = {10.1111/j.2044-8325.1980.tb00016.x},
	url = {https://doi.org/10.1111/j.2044-8325.1980.tb00016.x},
	year = {1980},
	month = jun,
	publisher = {Wiley},
	volume = {53},
	number = {2},
	pages = {121--130},
	author = {Gordon E. O{\textquotesingle}Brien and Peter Dowling},
	title = {The effects of congruency between perceived and desired job attributes upon job satisfaction},
	journal = {Journal of Occupational Psychology}
}

@techreport{mitre:2014,
	title = {Recommendations to Support Staffing Decisions},
	author = {Abigail Gertner and Susan Lubar and Beth Lavender},
	institution = {Mitre Corporation},
	address     = {Bedford, MA},
	number      = {AD1107776},
	year        = {2014},
	month       = {Jan},
	day = {1}
}

@inproceedings{RSJobSeekingRecruiting:2013,
	author = {Lu, Yao and El Helou, Sandy and Gillet, Denis},
	title = {A Recommender System for Job Seeking and Recruiting Website},
	year = {2013},
	publisher = {Association for Computing Machinery},
	address = {New York, NY, USA},
	booktitle = {Proceedings of the 22nd International Conference on World Wide Web},
	pages = {963–966},
	numpages = {4},
	series = {WWW '13 Companion}
}

@inproceedings{coldStart:2002,
	author = {Schein, Andrew I. and Popescul, Alexandrin and Ungar, Lyle H. and Pennock, David M.},
	title = {Methods and Metrics for Cold-Start Recommendations},
	year = {2002},
	publisher = {Association for Computing Machinery},
	address = {New York, NY, USA},
	booktitle = {Proceedings of the 25th Annual International ACM SIGIR Conference on Research and Development in Information Retrieval},
	pages={253-260},
	numpages = {8},
	location = {Tampere, Finland},
	series = {SIGIR '02}
}

@article{malinowski:2008,
	title = {Decision support for team staffing: An automated relational recommendation approach},
	journal = {Decision Support Systems},
	volume = {45},
	number = {3},
	pages = {429-447},
	year = {2008},
	author = {Jochen Malinowski and Tim Weitzel and Tobias Keim},
}

@inproceedings{comibingCareer:2013,
	author={Bradford Heap and Alfred Krzywicki and Wayne Wobcke and Mike Bain and Paul Compton},
	editor={Duc-Nghia Pham and Seong-Bae Park},
	title={Combining Career Progression and Profile Matching in a Job Recommender System},
	booktitle={PRICAI 2014: Trends in Artificial Intelligence},
	year={2014},
	publisher={Springer International Publishing},
	address={Cham},
	pages={396--408},
}

@article{jobMatcher:2020,
	author = {Mendez, Jeanky and Bulanadi, Jehan},
	year = {2020},
	month = {07},
	pages = {103--120},
	title = {Job matcher: A web application job placement using collaborative filtering recommender system},
	volume = {9},
	journal = {International Journal of Research Studies in Education},
}

@inproceedings{enhancingERecruitment:2012,
	title={Job Recommendation Systems for Enhancing E-recruitment Process},
	author={Shaha T. Al-Otaibi and Mourad Ykhlef},
	booktitle={Proceedings of the International Conference on Information and Knowledge Engineering (IKE)},
	pagecount={7},
	year={2012},
	editor={Hamid R. Arabnia and Leonidas Deligiannidis and Ray R. Hashemi},
	publisher={CSREA Press},
	address={Las Vegas, Nevada},
	pages={433--439},
	organization={The Steering Committee of The World Congress in Computer Science, Computer Engineering and Applied Computing (WorldComp)}
}

@article{schneider:1978,
	author = {Benjamin Schneider},
	title = {Person-Situation Selection: A Review of some Ability-Situation Interaction Research},
	journal = {Personnel Psychology},
	volume = {31},
	number = {2},
	pages = {281-297},
	doi = {https://doi.org/10.1111/j.1744-6570.1978.tb00447.x},
	url = {https://onlinelibrary.wiley.com/doi/abs/10.1111/j.1744-6570.1978.tb00447.x},
	eprint = {https://onlinelibrary.wiley.com/doi/pdf/10.1111/j.1744-6570.1978.tb00447.x},
	year = {1978}
}

@article{resnick:1997,
	author = {Paul Resnick and Hal R. Varian},
	title = {Recommender Systems},
	year = {1997},
	issue_date = {March 1997},
	publisher = {Association for Computing Machinery},
	address = {New York, NY, USA},
	volume = {40},
	number = {3},
	journal = {Commun. ACM},
	month = mar,
	pages={56-58},
	numpages = {3}
}

@INPROCEEDINGS{malinowski:2006,
	author={Jochen Malinowski and Tobias Keim and Oliver Wendt and Tim Weitzel},
	booktitle={Proceedings of the 39th Annual Hawaii International Conference on System Sciences (HICSS'06)}, 
	title={Matching People and Jobs: A Bilateral Recommendation Approach}, 
	year={2006},
	volume={6},
	number={},
	pages={137c-137c}
}

@article{schneider:1987,
	author = {Benjamin Schneider},
	title = {The People Make The Place},
	journal = {Personnel Psychology},
	volume = {40},
	number = {3},
	pages = {437-453},
	doi = {https://doi.org/10.1111/j.1744-6570.1987.tb00609.x},
	url = {https://onlinelibrary.wiley.com/doi/abs/10.1111/j.1744-6570.1987.tb00609.x},
	eprint = {https://onlinelibrary.wiley.com/doi/pdf/10.1111/j.1744-6570.1987.tb00609.x},
	year = {1987}
}

@inproceedings{drivers:2011,
	author = {Stefan Lang and Sven Laumer and Christian Maier and Andreas Eckhardt},
	title = {Drivers, Challenges and Consequences of E-Recruiting: A Literature Review},
	year = {2011},
	publisher = {Association for Computing Machinery},
	address = {New York, NY, USA},
	booktitle = {Proceedings of the 49th SIGMIS Annual Conference on Computer Personnel Research},
	pages = {26–35},
	numpages = {10},
	location = {San Antonio, Texas, USA},
	series = {SIGMIS-CPR '11}
}

@inproceedings{semanticMatchmaking:2009,
	title={Semantic Matchmaking for Job Recruitment: An Ontology-Based Hybrid Approach},
	author = {Maryam Fazel"=Zarandi and Mark Fox},
	booktitle={Proceedings of the 8th International Semantic Web Conference},
	volume={525},
	number={01},
	year={2009}
}

@article{bianchini:2008,
	year = {2008},
	month = jan,
	publisher = {Springer Science and Business Media {LLC}},
	volume = {11},
	number = {2},
	pages = {227--251},
	author = {Devis Bianchini and Valeria De Antonellis and Michele Melchiori},
	title = {Flexible Semantic-Based Service Matchmaking and Discovery},
	journal = {World Wide Web}
}

@inproceedings{exploringJobRecommentations:2019,
	author = {Francisco Guti\'{e}rrez and Sven Charleer and Robin De Croon and Nyi Nyi Htun and Gerd Goetschalckx and Katrien Verbert},
	pages={60-68},
	title = {Explaining and Exploring Job Recommendations: A User-Driven Approach for Interacting with Knowledge-Based Job Recommender Systems},
	year = {2019},
	publisher = {Association for Computing Machinery},
	address = {New York, NY, USA},
	booktitle = {Proceedings of the 13th ACM Conference on Recommender Systems},
	location = {Copenhagen, Denmark},
	series = {RecSys '19},
	numpages = {9},
}

@book{recommenderSystems:2016,
	title={Recommender Systems: The Textbook},
	year = {2016},
	publisher = {Springer International Publishing},
	author = {Charu C. Aggarwal},
	address={Cham and Heidelberg and New York and Dordrecht and London}
}

@article{hybridImmunizing:2017,
	author   = {Shaha Al-Otaibi and Mourad Ykhlef},
	title    = {Hybrid immunizing solution for job recommender system},
	journal  = {Frontiers of Computer Science},
	year     = {2017},
	month	 = {6},
	day      = {1},
	issue    = {3},
	volume   = {11},
	pages    = {511-527},
}

@INPROCEEDINGS{applyingDataMining:2014,
	author={Anika Gupta and Deepak Garg},
	booktitle={2014 International Conference on Advances in Computing, Communications and Informatics (ICACCI)}, 
	title={Applying data mining techniques in job recommender system for considering candidate job preferences}, 
	year={2014},
	volume={},
	number={},
	pages={1458-1465}
}

@Inbook{personalbeschaffung:2017,
	author={Tim Kuster},
	editor={J{\"u}rgen Stierle and Katja Glasmachers and Helmut Siller},
	title={Personalbeschaffung},
	bookTitle={Praxiswissen Personalcontrolling: Erfolgreiche Strategien und interdisziplin{\"a}re Ans{\"a}tze f{\"u}r die Ressource Mensch},
	year={2017},
	publisher={Springer Fachmedien Wiesbaden},
	address={Wiesbaden},
	pages={227--249}
}

@techreport{hays:2013,
	title       = {Rekrutierungsprozesse  auf  dem  Prüfstand},
	institution = {Hays PLC},
	year        = {2013},
}

@techreport{gpm:2015,
	title       = {Makroökonomische Vermessung der Projekttätigkeit in Deutschland},
	institution = {GPM Deutsche Gesellschaft für Projektmanagement e. V.},
	year        = {2015},
	month=oct,
}

@article{whittington:1999,
	year = {1999},
	month = oct,
	publisher = {Institute for Operations Research and the Management Sciences ({INFORMS})},
	volume = {10},
	number = {5},
	pages = {583--600},
	author = {Richard Whittington and Andrew Pettigrew and Simon Peck and Evelyn Fenton and Martin Conyon},
	title = {Change and Complementarities in the New Competitive Landscape: A European Panel Study, 1992{\textendash}1996},
	journal = {Organization Science}
}

@incollection{elanceEconomy:1999,
	title = {The Dawn of the E-Lance Economy},
	year = {1999},
	publisher = {Physica},
	address={Heidelberg},
	pages = {13--24},
	author = {Thomas W. Malone and Robert J. Laubacher},
	booktitle = {Electronic Business Engineering},
	editor={August-Wilhelm Scheer and Markus Nüttgens}
}

@book{lundin:2015,
	place={Cambridge},
	title={Managing and Working in Project Society: Institutional Challenges of Temporary Organizations},
	publisher={Cambridge University Press},
	author={Lundin, Rolf A. and Arvidsson, Niklas and Brady, Tim and Ekstedt, Eskil and Midler, Christophe and Sydow, Jörg},
	year={2015}
}

@article{towardsADesign:2017,
	title = {Towards a design for the project-based organization},
	journal = {International Journal of Project Management},
	volume = {35},
	number = {3},
	pages = {479-491},
	year = {2017},
	author = {Maxim Miterev and Mauro Mancini and Rodney Turner},
}

@article{futurePerspectivesOnEmployeeSelection:2004,
	year = {2004},
	month = oct,
	publisher = {Wiley},
	volume = {53},
	number = {4},
	pages = {487--501},
	author = {Neil Anderson and Filip Lievens and Karen van Dam and Ann Marie Ryan},
	title = {Future Perspectives on Employee Selection: Key Directions for Future Research and Practice},
	journal = {Applied Psychology}
}

@Inbook{schafer:2007,
	author={Schafer, J. Ben and Frankowski, Dan and Herlocker, Jon and Sen, Shilad},
	editor={Brusilovsky, Peter and Kobsa, Alfred and Nejdl, Wolfgang},
	title={Collaborative Filtering Recommender Systems},
	bookTitle={The Adaptive Web: Methods and Strategies of Web Personalization},
	year={2007},
	publisher={Springer},
	address={Berlin, Heidelberg},
	pages={291--324},
	isbn={978-3-540-72079-9},
	doi={10.1007/978-3-540-72079-9_9},
	url={https://doi.org/10.1007/978-3-540-72079-9_9}
}

@INPROCEEDINGS{dynamicUserProfile:2013,
	year = {2013},
	month = apr,
	pages={1499-1503},
	publisher = {{IEEE}},
	author = {Wenxing Hong and  Siting Zheng and  Huan Wang},
	title = {Dynamic user profile-based job recommender system},
	booktitle = {2013 8th International Conference on Computer Science {\&} Education}
}

@article{combiningCbAndCFCostSensitiveApproach:2017,
	title = {Combining content-based and collaborative filtering for job recommendation system: A cost-sensitive Statistical Relational Learning approach},
	journal = {Knowledge-Based Systems},
	volume = {136},
	pages = {37-45},
	year = {2017},
	author = {Shuo Yang and Mohammed Korayem and Khalifeh AlJadda and Trey Grainger and Sriraam Natarajan},
}

@inproceedings{aCombinedRepresentation:2018,
	author = {Dave, Vachik S. and Zhang, Baichuan and Al Hasan, Mohammad and AlJadda, Khalifeh and Korayem, Mohammed},
	title = {A Combined Representation Learning Approach for Better Job and Skill Recommendation},
	year = {2018},
	publisher = {Association for Computing Machinery},
	address = {New York, NY, USA},
	booktitle = {Proceedings of the 27th ACM International Conference on Information and Knowledge Management},
	pages={1997-2005},
	numpages = {9},
	location = {Torino, Italy},
	series = {CIKM '18}
}

@incollection{buildingVectorRepresentations:2020,
	year = {2020},
	month={9},
	day={18},
	publisher = {Springer International Publishing},
	address={Cham},
	pages = {17--29},
	author = {Adrian Satja Kurdija and Petar Afric and Lucija Sikic and Boris Plejic and Marin Silic and Goran Delac and Klemo Vladimir and Sinisa Srbljic},
	title = {Building Vector Representations for Candidates and Projects in a CV Recommender System},
	booktitle = {Artificial Intelligence and Mobile Services {\textendash} {AIMS} 2020},
	volume={12401},
	editor={Ruifeng Xu and Wang De and Wei Zhong and Ling Tian and Yongsheng Bai and Liang-Jie Zhang}
}

@article{weightedSimilarity:2015,
	year = {2015},
	month = aug,
	day={01},
	publisher = {Springer Science and Business Media {LLC}},
	volume = {20},
	number = {4},
	pages = {497--507},
	author = {Parivash Pirasteh and Dosam Hwang and Jai E. Jung},
	title = {Weighted Similarity Schemes for High Scalability in User-Based Collaborative Filtering},
	journal = {Mobile Networks and Applications}
}

@article{peerToPeer:2008,
	author={Jun Wang and Johan Pouwelse and Jenneke Fokker and Arjen P. de Vries and Marcel J. T. Reinders},
	year={2008},
	month=jan,
	day={01},
	title={Personalization on a peer-to-peer television system},
	journal={Multimedia Tools and Applications},
	pages={89--113},
	volume={36},
	issue={1}	
}

@inproceedings{prospect:2010,
	author = {Singh, Amit and Rose, Catherine and Visweswariah, Karthik and Chenthamarakshan, Vijil and Kambhatla, Nandakishore},
	title = {PROSPECT: A System for Screening Candidates for Recruitment},
	year = {2010},
	isbn = {9781450300995},
	publisher = {Association for Computing Machinery},
	address = {New York, NY, USA},
	booktitle = {Proceedings of the 19th ACM International Conference on Information and Knowledge Management},
	pages={659-668},
	numpages = {10},
	location = {Toronto, ON, Canada},
	series = {CIKM '10}
}

@article{personJobFit:2018,
	author = {Zhu, Chen and Zhu, Hengshu and Xiong, Hui and Ma, Chao and Xie, Fang and Ding, Pengliang and Li, Pan},
	title = {Person-Job Fit: Adapting the Right Talent for the Right Job with Joint Representation Learning},
	year = {2018},
	issue_date = {November 2018},
	publisher = {Association for Computing Machinery},
	address = {New York, NY, USA},
	volume = {9},
	number = {3},
	journal = {ACM Trans. Manage. Inf. Syst.},
	month = sep,
	articleno = {12},
	numpages = {17}
}

@inproceedings{10.1145/1871437.1871523,
	author = {Singh, Amit and Rose, Catherine and Visweswariah, Karthik and Chenthamarakshan, Vijil and Kambhatla, Nandakishore},
	title = {PROSPECT: A System for Screening Candidates for Recruitment},
	year = {2010},
	publisher = {Association for Computing Machinery},
	address = {New York, NY, USA},
	booktitle = {Proceedings of the 19th ACM International Conference on Information and Knowledge Management},
	pages = {659–668},
	numpages = {10},
	location = {Toronto, ON, Canada},
	series = {CIKM '10}
}

@INPROCEEDINGS{siting:2012,
	author={Z. {Siting} and H. {Wenxing} and Z. {Ning} and Y. {Fan}}, booktitle={2012 7th International Conference on Computer Science Education (ICCSE)},
	title={Job recommender systems: A survey},
	year={2012},
	volume={},
	number={},
	pages={920-924}
}

@article{aCollaborativeRecommenderSystemCourses:2016,
	year = {2016},
	month = {12},
	day={1},
	publisher = {Springer Science and Business Media {LLC}},
	volume = {19},
	number = {4},
	pages={2273--2284},
	author = {Ji-won Han and Jae-choon Jo and Hye-sung Ji and Heui-seok Lim},
	title = {A collaborative recommender system for learning courses considering the relevance of a learner's learning skills},
	journal = {Cluster Computing}
}

@inproceedings{lu:2013,
	author		= {Lu, Yao and El Helou, Sandy and Gillet, Denis},
	title 		= {A Recommender System for Job Seeking and Recruiting Website},
	year		= {2013},
	publisher	= {Association for Computing Machinery},
	address		= {New York, NY, USA},
	doi			= {10.1145/2487788.2488092},
	booktitle	= {Proceedings of the 22nd International Conference on World Wide Web},
	pages		= {963--966},
	numpages	= {4},
	location	= {Rio de Janeiro, Brazil},
	series		= {WWW '13 Companion}
}

@inproceedings{malinowski:2005,
	author={Malinowski, Jochen and Keim, Tobias and Weitzel, Tim and Wendt, Oliver},
	pages={604--617},
	title={Decision Support for Team Building: Incorporating Trust into a Recommender-Based Approach},
	booktitle={PACIS 2005 Proceedings},
	year={2005},
	month={12}
}

@conference{keim:2005,
	author={Tobias Keim and Jochen Malinowski and Gregor Heinrich and Oliver Wendt},
	title={Personalizing the Search for Persons: A Recommender-based Approach},
	booktitle={Proceedings of the 1st International Workshop on Web Personalisation, Recommender Systems and Intelligent User Interfaces - WPRSIUI, (ICETE 2005)},
	year={2005},
	pages={125-134},
	publisher={SciTePress},
	organization={INSTICC},
	doi={10.5220/0001421801250134},
	isbn={972-8865-38-4},
}

@Inproceedings{faerber:2003,
	author={Frank F{\"a}rber and Tim Weitzel and Tobias Keim},
	booktitle={AMCIS 2003 Proceedings}, 
	title={An Automated Recommendation Approach to Selection in Personnel Recruitment}, 
	year={2003},
	month={12},
	number={302},
	pages={2329--2339}
}

@INPROCEEDINGS{keim:2007,
	author={Keim, Tobias},
	booktitle={2007 40th Annual Hawaii International Conference on System Sciences (HICSS'07)}, 
	title={Extending the Applicability of Recommender Systems: A Multilayer Framework for Matching Human Resources}, 
	year={2007},
	volume={},
	number={},
	pages={169},
	doi={10.1109/HICSS.2007.223}
}

@INPROCEEDINGS{ding:2016,
	author={Ding, Yanhui and Zhang, Yongxin and Li, Lin and Xu, Weizhi and Wang, Hu},
	booktitle={2016 8th International Conference on Information Technology in Medicine and Education (ITME)}, 
	title={A Reciprocal Recommender System for Graduates' Recruitment}, 
	year={2016},
	volume={},
	number={},
	pages={394-398},
	doi={10.1109/ITME.2016.0094}
}

@INPROCEEDINGS{wenxing:2015,
	author={Wenxing Hong and Chen Yiwei and Qi Jianwei and Hui Yin},
	booktitle={The 10th International Conference on Computer Science \& Education (ICCSE 2015)}, 
	title={iHR+: A mobile reciprocal job recommender system}, 
	year={2015},
	volume={},
	number={},
	pages={492-495},
	doi={10.1109/ICCSE.2015.7250296}
}

@INPROCEEDINGS{oezcan:2016,
	author={Özcan, Gözde and Ögüdücü, Sule Gündüz},
	booktitle={2016 11th International Conference for Internet Technology and Secured Transactions (ICITST)}, 
	title={Applying different classification techniques in reciprocal job recommender system for considering job candidate preferences}, 
	year={2016},
	volume={},
	number={},
	pages={235-240},
	doi={10.1109/ICITST.2016.7856703}
}

@INPROCEEDINGS{buettner:2014,
	author={Buettner, Ricardo},
	booktitle={2014 47th Hawaii International Conference on System Sciences}, 
	title={A Framework for Recommender Systems in Online Social Network Recruiting: An Interdisciplinary Call to Arms}, 
	year={2014},
	volume={},
	number={},
	pages={1415-1424},
	doi={10.1109/HICSS.2014.184}
}

@inproceedings{hong:2013b,
	author={Hong, Wenxing and Li, Lei and Li, Tao and Pan, Wenfu},
	title={iHR: An Online Recruiting System for Xiamen Talent Service Center},
	year={2013},
	publisher={Association for Computing Machinery},
	address={New York, NY, USA},
	booktitle={Proceedings of the 19th ACM SIGKDD International Conference on Knowledge Discovery and Data Mining},
	pages={1177-1185},
	numpages={9},
	location={Chicago, Illinois, USA},
	series={KDD '13}
}

@article{hong:2013,
	author = {Wenxing Hong and Siting Zheng and Huan Wang and Jianchao Shi},
	year = {2013},
	month = {8},
	pages = {1960-1968},
	title = {A Job Recommender System Based on User Clustering},
	volume = {8},
	number={8},
	journal = {Journal of Computers},
	issn={1796-203X}
}

@article{french:1962,
	author = {{French Jr.}, John R. P. and Kahn, Robert L.},
	title = {A Programmatic Approach to Studying the Industrial Environment and Mental Health1},
	journal = {Journal of Social Issues},
	volume = {18},
	number = {3},
	pages = {1-47},
	doi = {https://doi.org/10.1111/j.1540-4560.1962.tb00415.x},
	url = {https://spssi.onlinelibrary.wiley.com/doi/abs/10.1111/j.1540-4560.1962.tb00415.x},
	eprint = {https://spssi.onlinelibrary.wiley.com/doi/pdf/10.1111/j.1540-4560.1962.tb00415.x},
	year = {1962}
}

@inproceedings{laumer:2009,
	author={Sven Laumer and Andreas Eckhardt},
	title={Help to Find the Needle in a Haystack: Integrating Recommender Systems in an IT Supported Staff Recruitment System},
	year={2009},
	publisher={Association for Computing Machinery},
	address={New York, NY, USA},
	booktitle={Proceedings of the Special Interest Group on Management Information System's 47th Annual Conference on Computer Personnel Research},
	pages={7-12},
	numpages={6},
	location={Limerick, Ireland},
	series={SIGMIS CPR '09}
}

@INPROCEEDINGS{lee:2007,
	author={Lee, Danielle H. and Brusilovsky, Peter},
	booktitle={Third International Conference on Autonomic and Autonomous Systems (ICAS'07)},
	title={Fighting Information Overflow with Personalized Comprehensive Information Access: A Proactive Job Recommender},
	year={2007},
	volume={},
	number={},
	pages={21-21},
	doi={10.1109/CONIELECOMP.2007.76}
}

@inproceedings{qin:2018,
	author={Qin, Chuan and Zhu, Hengshu and Xu, Tong and Zhu, Chen and Jiang, Liang and Chen, Enhong and Xiong, Hui},
	title={Enhancing Person-Job Fit for Talent Recruitment: An Ability-aware Neural Network Approach},
	year={2018},
	publisher={Association for Computing Machinery},
	address={New York, NY, USA},
	booktitle={The 41st International ACM SIGIR Conference on Research {\&} Development in Information Retrieval},
	pages={25-34},
	numpages={10},
	location={Ann Arbor, MI, USA},
	series={SIGIR '18}
}

@article{qin:2020,
	author={Qin, Chuan and Zhu, Hengshu and Xu, Tong and Zhu, Chen and Ma, Chao and Chen, Enhong and Xiong, Hui},
	title={An Enhanced Neural Network Approach to Person-Job Fit in Talent Recruitment},
	year={2020},
	issue_date={March 2020},
	publisher={Association for Computing Machinery},
	address={New York, NY, USA},
	volume={38},
	number={2},
	journal={ACM Trans. Inf. Syst.},
	month={2},
	numpages={33},
}

@inproceedings{le:2019,
	author={Le, Ran and Hu, Wenpeng and Song, Yang and Zhang, Tao and Zhao, Dongyan and Yan, Rui},
	title={Towards Effective and Interpretable Person-Job Fitting},
	year={2019},
	publisher={Association for Computing Machinery},
	address={New York, NY, USA},
	booktitle={Proceedings of the 28th ACM International Conference on Information and Knowledge Management},
	pages={1883-1892},
	numpages={10},
	location={Beijing, China},
	series={CIKM '19}
}

@inproceedings{luo:2019,
	author={Luo, Yong and Zhang, Huaizheng and Wen, Yonggang and Zhang, Xinwen},
	title={ResumeGAN: An Optimized Deep Representation Learning Framework for Talent-Job Fit via Adversarial Learning},
	year={2019},
	publisher={Association for Computing Machinery},
	address={New York, NY, USA},
	booktitle={Proceedings of the 28th ACM International Conference on Information and Knowledge Management},
	pages={1101-1110},
	numpages={10},
	location={Beijing, China},
	series={CIKM '19}
}

@INPROCEEDINGS{zarzour:2018,
	author={Hafed Zarzour and Ziad Al-Sharif and Mahmoud Al-Ayyoub and Yaser Jararweh},
	booktitle={2018 9th International Conference on Information and Communication Systems (ICICS)}, 
	title={A new collaborative filtering recommendation algorithm based on dimensionality reduction and clustering techniques}, 
	year={2018},
	volume={},
	number={},
	pages={102-106},
	doi={10.1109/IACS.2018.8355449}
}

@Inbook{jeckmans:2013,
	author={Arjan J. P. Jeckmans and Michael Beye and Zekeriya Erkin and Pieter Hartel and Reginald L. Lagendijk and Qiang Tang},
	editor={Naeem Ramzan and Roelof {van Zwol} and Jong-Seok Lee and Kai Cl{\"u}ver and Xian-Sheng Hua},
	title={Privacy in Recommender Systems},
	bookTitle={Social Media Retrieval},
	year={2013},
	publisher={Springer},
	address={London},
	pages={263--281},
	isbn={978-1-4471-4555-4},
	doi={10.1007/978-1-4471-4555-4_12},
	url={https://doi.org/10.1007/978-1-4471-4555-4_12}
}

@article{lu:2015,
	title = {Recommender system application developments: A survey},
	journal = {Decision Support Systems},
	volume = {74},
	pages = {12-32},
	year = {2015},
	issn = {0167-9236},
	doi = {https://doi.org/10.1016/j.dss.2015.03.008},
	url = {https://www.sciencedirect.com/science/article/pii/S0167923615000627},
	author = {Jie Lu and Dianshuang Wu and Mingsong Mao and Wei Wang and Guangquan Zhang},
	keywords = {Recommender systems, E-service personalization, E-commerce, E-learning, E-government},
}

@article{panigrahi:2016,
	title = {A Hybrid Distributed Collaborative Filtering Recommender Engine Using Apache Spark},
	journal = {Procedia Computer Science},
	volume = {83},
	pages = {1000-1006},
	year = {2016},
	issn = {1877-0509},
	doi = {https://doi.org/10.1016/j.procs.2016.04.214},
	url = {https://www.sciencedirect.com/science/article/pii/S1877050916302472},
	author = {Sasmita Panigrahi and Rakesh Ku. Lenka and Ananya Stitipragyan}
}

@inproceedings{ebesu:2018,
	author={Travis Ebesu and Bin Shen and Yi Fang},
	title={Collaborative Memory Network for Recommendation Systems},
	year={2018},
	publisher={Association for Computing Machinery},
	address={New York, NY, USA},
	booktitle={The 41st International ACM SIGIR Conference on Research \& Development in Information Retrieval},
	pages={515--524},
	numpages={10},
	location={Ann Arbor, MI, USA},
	series={STGTR '18},
	doi={10.1145/3209978.3209991}
}

@article{gomezuribe:2016,
	author = {Gomez-Uribe, Carlos A. and Hunt, Neil},
	title = {The Netflix Recommender System: Algorithms, Business Value, and Innovation},
	year = {2016},
	issue_date = {January 2016},
	publisher = {Association for Computing Machinery},
	address = {New York, NY, USA},
	volume = {6},
	number = {4},
	issn = {2158-656X},
	url = {https://doi.org/10.1145/2843948},
	doi = {10.1145/2843948},
	journal = {ACM Trans. Manage. Inf. Syst.},
	month = dec,
	articleno = {13},
	numpages = {19},
	keywords = {Recommender systems}
}

@article{das:2017,
	title={A Survey on Recommendation System},
	author={Debashis Das and Laxman Sahoo and Sujoy Datta},
	journal={International Journal of Computer Applications},
	year={2017},
	month={2},
	volume={160},
	pages={6-10}
}

@inproceedings{strub:2016,
	author={Florian Strub and Romaric Gaudel and J\'{e}r\'{e}mie Mary},
	title={Hybrid Recommender System Based on Autoencoders},
	year={2016},
	publisher={Association for Computing Machinery},
	doi={10.1145/2988450.2988456},
	booktitle={Proceedings of the 1st Workshop on Deep Learning for Recommender Systems},
	pages={11-16},
	numpages={6},
	location={Boston, MA, USA},
	series={DLRS 2016}
}

@inproceedings{sharma:2015,
	author={Amit Sharma and Jake M. Hofman and Duncan J. Watts},
	title={Estimating the Causal Impact of Recommendation Systems from Observational Data},
	year={2015},
	publisher={Association for Computing Machinery},
	address={New York, NY, USA},
	doi={10.1145/2764468.2764488},
	url={https://doi.org/10.1145/2764468.2764488},
	booktitle={Proceedings of the Sixteenth ACM Conference on Economics and Computation},
	pages={453--470},
	numpages={18},
	location={Portland, Oregon, USA},
	series={EC '15}
}

@Article{alfano:2020,
	author={Alfano, Mark and Fard, Amir Ebrahimi and Carter, J. Adam and Clutton, Peter and Klein, Colin},
	title={Technologically scaffolded atypical cognition: the case of YouTube's recommender system},
	journal={Synthese},
	year={2020},
	month={Jun},
	day={09},
	issn={1573-0964},
	doi={10.1007/s11229-020-02724-x},
	url={https://doi.org/10.1007/s11229-020-02724-x}
}

@article {bakshy:2015,
	author = {Bakshy, Eytan and Messing, Solomon and Adamic, Lada A.},
	title = {Exposure to ideologically diverse news and opinion on Facebook},
	volume = {348},
	number = {6239},
	pages = {1130--1132},
	year = {2015},
	doi = {10.1126/science.aaa1160},
	publisher = {American Association for the Advancement of Science},
	issn = {0036-8075},
	URL = {https://science.sciencemag.org/content/348/6239/1130},
	eprint = {https://science.sciencemag.org/content/348/6239/1130.full.pdf},
	journal = {Science}
}

@book{pariser:2012,
	title={Filter Bubble: Wie wir im Internet entmündigt werden},
	year = {2012},
	publisher = {Hanser},
	author = {Eli Pariser},
	address={München},
	edition={1}
}

@Article{pu:2012,
	author={Pu, Pearl and Chen, Li and Hu, Rong},
	title={Evaluating recommender systems from the user's perspective: survey of the state of the art},
	journal={User Modeling and User-Adapted Interaction},
	year={2012},
	month={Oct},
	day={01},
	volume={22},
	number={4},
	pages={317-355},
	issn={1573-1391},
	doi={10.1007/s11257-011-9115-7},
	url={https://doi.org/10.1007/s11257-011-9115-7}
}

@INPROCEEDINGS{balachander:2018,
	author={Balachander, Yeshwanth and Moh, Teng-Sheng},
	booktitle={2018 IEEE/ACM International Conference on Advances in Social Networks Analysis and Mining (ASONAM)}, 
	title={Ontology Based Similarity for Information Technology Skills},
	year={2018},
	volume={},
	number={},
	pages={302-305},
	doi={10.1109/ASONAM.2018.8508726}
}

@ARTICLE{leVrang:2014,
	author={{le Vrang}, Martin and Papantoniou, Agis and Pauwels, Erika and Fannes, Pieter and Vandensteen, Dominique and De Smedt, Johan},
	journal={Computer}, 
	title={ESCO: Boosting Job Matching in Europe with Semantic Interoperability}, 
	year={2014},
	volume={47},
	number={10},
	pages={57-64},
	doi={10.1109/MC.2014.283}
}

@article{singto:2013,
	title={Semantic Searching IT Careers Concepts Based on Ontology},
	author={Singto, Patsakon and Mingkhwan, Anirach},
	journal={Journal of Advanced Management Science},
	volume={1},
	number={1},
	pages={102--106},
	year={2013},
	month={3}
}

@Article{han:2016,
	author={Han, Ji-won and Jo, Jae-choon and Ji, Hye-sung and Lim, Heui-seok},
	title={A collaborative recommender system for learning courses considering the relevance of a learner's learning skills},
	journal={Cluster Computing},
	year={2016},
	month={Dec},
	day={01},
	volume={19},
	number={4},
	pages={2273-2284},
	issn={1573-7543},
	doi={10.1007/s10586-016-0670-x},
	url={https://doi.org/10.1007/s10586-016-0670-x}
}

@INPROCEEDINGS{cheng:2013,	
	author={Qiao, Cheng and Jian, Huang and Jian-xing, Gong and Jian-guo, Hao},
	booktitle={2013 Chinese Automation Congress}, 
	title={Simulation resource recommendation system based on collaborative filtering}, 
	year={2013},
	volume={},
	number={},
	pages={448-452},
	doi={10.1109/CAC.2013.6775776}
}

@INPROCEEDINGS{duong:2018,
	author={Duong, Tan Nghia and Than, Viet Duc and Tran, Trong Hiep and Dang, Quang Hieu and Nguyen, Duc Minh and Pham, Hung Manh},
	booktitle={2018 5th NAFOSTED Conference on Information and Computer Science (NICS)}, 
	title={An Effective Similarity Measure for Neighborhood-based Collaborative Filtering}, 
	year={2018},
	volume={},
	number={},
	pages={250-254},
	doi={10.1109/NICS.2018.8606859}
}

@techreport{breese:1998,
	author = {Breese, John S. and Heckerman, David and Kadie, Carl},
	title = {Empirical Analysis of Predictive Algorithms for Collaborative Filtering},
	year = {1998},
	month = {May},
	publisher = {Morgan Kaufmann Publishers},
	url = {https://www.microsoft.com/en-us/research/publication/empirical-analysis-of-predictive-algorithms-for-collaborative-filtering/},
	pages = {18},
	number = {MSR-TR-98-12},
}

@InProceedings{bharti:2019,
	author={Bharti, Roshan and Gupta, Deepak},
	editor={Kalita, Jugal and Balas, Valentina Emilia and Borah, Samarjeet and Pradhan, Ratika},
	title={Recommending Top N Movies Using Content-Based Filtering and Collaborative Filtering with Hadoop and Hive Framework},
	booktitle={Recent Developments in Machine Learning and Data Analytics},
	year={2019},
	publisher={Springer Singapore},
	address={Singapore},
	pages={109--118},
	isbn={978-981-13-1280-9}
}

@Article{su:2009,
	author={Su, Xiaoyuan and Khoshgoftaar, Taghi M.},
	title={A Survey of Collaborative Filtering Techniques},
	journal={Advances in Artificial Intelligence},
	year={2009},
	month={Oct},
	day={27},
	publisher={Hindawi Publishing Corporation},
	volume={2009},
	pagecount={19},
	issn={1687-7470},
	doi={10.1155/2009/421425},
	url={https://doi.org/10.1155/2009/421425}
}

@INPROCEEDINGS{nayak:2018,
	author={Nayak, Sanjib Kumar and Panda, Sanjaya Kumar},
	booktitle={2018 Fifth International Conference on Parallel, Distributed and Grid Computing (PDGC)}, 
	title={A User-Oriented Collaborative Filtering Algorithm for Recommender Systems}, 
	year={2018},
	volume={},
	number={},
	pages={374-380},	
	doi={10.1109/PDGC.2018.8745892}
}

@INPROCEEDINGS{hao:2013,
	author={Ji, Hao and Li, Jinfeng and Ren, Changrui and He, Miao},
	booktitle={Proceedings of 2013 IEEE International Conference on Service Operations and Logistics, and Informatics}, 
	title={Hybrid collaborative filtering model for improved recommendation}, 
	year={2013},
	volume={},
	number={},
	pages={142-145},	
	doi={10.1109/SOLI.2013.6611398}
}

@book{anderson:2007,
	title = {The Long Tail - Der lange Schwanz: Nischenprodukte statt Massenmarkt - Das Geschäft der Zukunft},
	author = {Chris Anderson},
	year = {2007},
	month = {03},
	day = {1},
	pagecount = {299},
	isbn = {9783446409903},
	publisher={Hanser},
	edition={1}
}

@InProceedings{grvcar:2006,
	author={Gr{\v{c}}ar, Miha and Mladeni{\v{c}}, Dunja and Fortuna, Bla{\v{z}} and Grobelnik, Marko},
	editor={Nasraoui, Olfa and Za{\"i}ane, Osmar and Spiliopoulou, Myra and Mobasher, Bamshad and Masand, Brij and Yu, Philip S.},
	title={Data Sparsity Issues in the Collaborative Filtering Framework},
	booktitle={Advances in Web Mining and Web Usage Analysis},
	year={2006},
	publisher={Springer Berlin Heidelberg},
	address={Berlin, Heidelberg},
	pages={58--76},
}

@inproceedings{lien:2014,
	author={Lien, Do Thi and Phuong, Nguyen Duy},
	booktitle={2014 International Conference on Computing, Management and Telecommunications (ComManTel},
	title={Collaborative filtering with a graph-based similarity measure},
	year={2014},
	pages={251--256},
	doi={10.1109/ComManTel.2014.6825613}
}

@article{huang:2004,
	author={Huang, Zan and Chen, Hsinchun and Zeng, Daniel},
	title={Applying Associative Retrieval Techniques to Alleviate the Sparsity Problem in Collaborative Filtering},
	year={2004},
	issue_date={January 2004},
	month={1},
	publisher={Association for Computing Machinery},
	address={New York, NY, USA},
	volume={22},
	number={1},
	doi={10.1145/963770.963775},
	journal={ACM Trans. Inf. Syst.},
	pages={116--142},
	numpages={27}
}

@inproceedings{cao:2021,
	author={Cao, Jingxia and Lin, Xixun and Guo, Shu and Liu, Luchen and Liu, Tingwen and Wang, Bin},
	title={Bibpartite Graph Embedding via Mutual Information Maximization},
	year={2021},
	publisher={Association for Computing Machinery},
	address={New York, NY, USA},
	doi={10.1145/3437963.3441783},
	booktitle={Proceedings of the 14th ACM International Conference on Web Search and Data Mining},
	pages={635--643},
	numpages={9},
	location={Virtual Event, Israel},
	series={WSDM '21},
}

@Article{guns:2014,
	author={Guns, Raf and Rousseau, Ronald},
	title={Recommending research collaborations using link prediction and random forest classifiers},
	journal={Scientometrics},
	year={2014},
	month={Nov},
	day={01},
	volume={101},
	number={2},
	pages={1461--1473},
	issn={1588-2861},
	doi={10.1007/s11192-013-1228-9},
	url={https://doi.org/10.1007/s11192-013-1228-9}
}

@article{libenNowell:2007,
	author = {Liben-Nowell, David and Kleinberg, Jon},
	title = {The Link-Prediction Problem for Social Networks},
	journal = {Journal of the American Society for Information Science and Technology},
	volume = {58},
	number = {7},
	pages = {1019-1031},
	doi = {https://doi.org/10.1002/asi.20591},
	url = {https://asistdl.onlinelibrary.wiley.com/doi/abs/10.1002/asi.20591},
	eprint = {https://asistdl.onlinelibrary.wiley.com/doi/pdf/10.1002/asi.20591},
	year = {2007}
}

@techreport{page:1999,
	number = {1999-66},
	month = {November},
	author = {Lawrence Page and Sergey Brin and Rajeev Motwani and Terry Winograd},
	title = {The PageRank Citation Ranking: Bringing Order to the Web.},
	type = {Technical Report},
	publisher = {Stanford InfoLab},
	year = {1999},
	institution = {Stanford InfoLab},
	url = {http://ilpubs.stanford.edu:8090/422/}
}

@INPROCEEDINGS{zhang:2015,
	author={Zhang, Yanping and Bao, Yuanyuan and Zhao, Shu and Chen, Jie and Tang, Jie},
	booktitle={2015 International Conference on Cloud Computing and Big Data (CCBD)}, 
	title={Identifying Node Importance by Combining Betweenness Centrality and Katz Centrality}, 
	year={2015},
	volume={},
	number={},
	pages={354-357},
	doi={10.1109/CCBD.2015.19}
}

@Article{zhan:2017,
	author={Zhan, Justin and Gurung, Sweta and Parsa, Sai Phani Krishna},
	title={Identification of top-K nodes in large networks using Katz centrality},
	journal={Journal of Big Data},
	year={2017},
	month={May},
	day={30},
	volume={4},
	number={1},
	pages={16},
	issn={2196-1115},
	doi={10.1186/s40537-017-0076-5},
	url={https://doi.org/10.1186/s40537-017-0076-5}
}

@Article{katz:1953,
	author={Katz, Leo},
	title={A new status index derived from sociometric analysis},
	journal={Psychometrika},
	year={1953},
	month={Mar},
	day={01},
	volume={18},
	number={1},
	pages={39-43},
	issn={1860-0980},
	doi={10.1007/BF02289026},
	url={https://doi.org/10.1007/BF02289026}
}

@INPROCEEDINGS{zarei:2019,
	author={Zarei, Mohammad Reza and Moosavi, Mohammad Reza},
	booktitle={2019 4th International Conference on Pattern Recognition and Image Analysis (IPRIA)}, 
	title={A Memory-Based Collaborative Filtering Recommender System Using Social Ties}, 
	year={2019},
	volume={},
	number={},
	pages={263-267},
	doi={10.1109/PRIA.2019.8786023}
}

@INPROCEEDINGS{shang:2008,
	author={Shang, Ming-Sheng and Fu, Yan and Chen, Duan-Bin},	
	booktitle={2008 International Conference on Apperceiving Computing and Intelligence Analysis}, 
	title={Personal Recommendation using Weighted Bipartite Graph Projection}, 
	year={2008},
	volume={},
	number={},
	pages={198-202},
	doi={10.1109/ICACIA.2008.4770004}
}

@article{was:2018,
	title={An Axiomatization of the Eigenvector and Katz Centralities},
	volume={32},
	url={https://ojs.aaai.org/index.php/AAAI/article/view/11435},
	number={1},
	journal={Proceedings of the AAAI Conference on Artificial Intelligence},
	author={Wąs, Tomasz and Skibski, Oskar},
	year={2018},
	month={Apr.}
}

@incollection{oconnor:2001,
	doi = {10.1007/0-306-48019-0_11},
	url = {https://doi.org/10.1007/0-306-48019-0_11},
	publisher = {Kluwer Academic Publishers},
	pages = {199--218},
	author = {Mark O'Connor and Dan Cosley and Joseph A. Konstan and John Riedl},
	title = {{PolyLens}: A Recommender System for Groups of Users},
	booktitle = {{ECSCW} 2001},
	year={2001},
	month={9},
	editor={W. Prinz and M. Jarke and Y. Rogers and K. Schmidt and V. Wulf}
}

@Article{dara:2020,
	author={Dara, Sriharsha and Chowdary, C. Ravindranath and Kumar, Chintoo},
	title={A survey on group recommender systems},
	journal={Journal of Intelligent Information Systems},
	year={2020},
	month={Apr},
	day={01},
	volume={54},
	number={2},
	pages={271-295},
	issn={1573-7675},
	doi={10.1007/s10844-018-0542-3},
	url={https://doi.org/10.1007/s10844-018-0542-3}
}

@Article{landherr:2010,
	author={Landherr, Andrea and Friedl, Bettina and Heidemann, Julia},
	title={A Critical Review of Centrality Measures in Social Networks},
	journal={Business {\&} Information Systems Engineering},
	year={2010},
	month={Dec},
	day={01},
	volume={2},
	number={6},
	pages={371-385},
	issn={1867-0202},
	doi={10.1007/s12599-010-0127-3},
	url={https://doi.org/10.1007/s12599-010-0127-3}
}

@ARTICLE{yang:2016,
	author={Yang, Zhe and Wu, Bing and Zheng, Kan and Wang, Xianbin and Lei, Lei},
	journal={IEEE Access}, 
	title={A Survey of Collaborative Filtering-Based Recommender Systems for Mobile Internet Applications}, 
	year={2016},
	volume={4},
	number={},
	pages={3273-3287},
	doi={10.1109/ACCESS.2016.2573314}
}

@article{zhang:2010,
	title = {Empirical comparison of local structural similarity indices for collaborative-filtering-based recommender systems},
	journal = {Physics Procedia},
	volume = {3},
	number = {5},
	pages = {1887-1896},
	year = {2010},
	issn = {1875-3892},
	doi = {https://doi.org/10.1016/j.phpro.2010.07.033},
	url = {https://www.sciencedirect.com/science/article/pii/S1875389210002786},
	author = {Qian-Ming Zhang and Ming-Sheng Shang and Wei Zeng and Yong Chen and Linyuan Lü},
	keywords = {Collaborative filtering, Recommender system, Classification, Structure-based similarity index},
}

@article{valdividezodiaz:2019,
	author={Valdiviezo-Diaz, Priscila and Ortega, Fernando and Cobos, Eduardo and Lara-Cabrera, Raúl},
	journal={IEEE Access}, 
	title={A Collaborative Filtering Approach Based on Naïve Bayes Classifier}, 
	year={2019},
	volume={7},
	number={},
	pages={108581-108592},
	doi={10.1109/ACCESS.2019.2933048}
}

@article{ortega:2016,
	title = {Recommending items to group of users using Matrix Factorization based Collaborative Filtering},
	journal = {Information Sciences},
	volume = {345},
	pages = {313-324},
	year = {2016},
	issn = {0020-0255},
	doi = {https://doi.org/10.1016/j.ins.2016.01.083},
	url = {https://www.sciencedirect.com/science/article/pii/S0020025516300196},
	author = {Fernando Ortega and Antonio Hernando and Jesus Bobadilla and Jeon Hyung Kang},
	keywords = {Recommender system, Collaborative Filtering, Matrix Factorization, Group recommender system},
}

@INPROCEEDINGS{yu:2012,
	author={Yu, Qi},
	booktitle={2012 IEEE 19th International Conference on Web Services}, 
	title={Decision Tree Learning from Incomplete QoS to Bootstrap Service Recommendation}, 
	year={2012},
	volume={},
	number={},
	pages={194-201},
	doi={10.1109/ICWS.2012.90}
}

@article{najafabadi:2017,
	title = {Improving the accuracy of collaborative filtering recommendations using clustering and association rules mining on implicit data},
	journal = {Computers in Human Behavior},
	volume = {67},
	pages = {113-128},
	year = {2017},
	issn = {0747-5632},
	doi = {https://doi.org/10.1016/j.chb.2016.11.010},
	url = {https://www.sciencedirect.com/science/article/pii/S0747563216307518},
	author = {Maryam Khanian Najafabadi and Mohd Naz'ri Mahrin and Suriayati Chuprat and Haslina Md Sarkan},
	keywords = {Recommender systems, Collaborative filtering, Sparsity problem, Association rules mining, Clustering, Implicit feedback},
}

@article{cui:2020,
	author={Cui, Zhihua and Xu, Xianghua and XUE, Fei and Cai, Xingjuan and Cao, Yang and Zhang, Wensheng and Chen, Jinjun},
	journal={IEEE Transactions on Services Computing}, 	
	title={Personalized Recommendation System Based on Collaborative Filtering for IoT Scenarios}, 
	year={2020},
	volume={13},
	number={4},
	pages={685-695},
	doi={10.1109/TSC.2020.2964552}
}

@article{kang:2016,
	title={Top-N Recommender System via Matrix Completion},
	volume={30},
	url={https://ojs.aaai.org/index.php/AAAI/article/view/9967},
	number={1},
	journal={Proceedings of the AAAI Conference on Artificial Intelligence},
	author={Kang, Zhao and Peng, Chong and Cheng, Qiang},
	year={2016}, 
	month={Feb.}
}

@book{bellman:1961,
	address = {Princeton, NJ, USA},
	edition={1},
	year = {1961},
	title={Adaptive Control Processes: A Guided Tour},
	author={Bellman, Richard E.},
	isbn={9781400874668},
	series={Princeton Legacy Library},
	publisher={Princeton University Press}
}

@conference{boratto:2014,
	author={Ludovico Boratto and Salvatore Carta},
	title={Using Collaborative Filtering to Overcome the Curse of Dimensionality when Clustering Users in a Group Recommender System},
	booktitle={Proceedings of the 16th International Conference on Enterprise Information Systems - Volume 1: ICEIS,},
	year={2014},
	pages={564-572},
	publisher={SciTePress},
	organization={INSTICC},
	doi={10.5220/0004865005640572},
	isbn={978-989-758-028-4},
	issn={2184-4992},
	volume={1}
}

@ARTICLE{vaswani:2018,
	author={Vaswani, Namrata and Narayanamurthy, Praneeth},
	journal={Proceedings of the IEEE},
	title={Static and Dynamic Robust PCA and Matrix Completion: A Review},
	year={2018},
	volume={106},
	number={8},
	pages={1359-1379},
	doi={10.1109/JPROC.2018.2844126}
}

@inproceedings{pennock:2000,
	author={Pennock, David M. and Horvitz, Eric and Lawrence, Steve and Giles, C. Lee},
	title={Collaborative Filtering by Personality Diagnosis: A Hybrid Memory and Model-Based Approach},
	year={2000},
	publisher={Morgan Kaufmann Publishers Inc.},
	address={San Francisco, CA, USA},
	booktitle={Proceedings of the 16th Conference on Uncertainty in Artificial Intelligence},
	pages={473-480},
	numpages={8},
	series={UAI '00}
}

@article{guo:2016,
	title = {RésuMatcher: A personalized résumé-job matching system},
	journal = {Expert Systems with Applications},
	volume = {60},
	pages = {169-182},
	year = {2016},
	issn = {0957-4174},
	doi = {https://doi.org/10.1016/j.eswa.2016.04.013},
	url = {https://www.sciencedirect.com/science/article/pii/S0957417416301798},
	author = {Shiqiang Guo and Folami Alamudun and Tracy Hammond},
}

@inproceedings{sharma:2019,
	author = {Sharma, Mohit and Karypis, George},
	title = {Adaptive Matrix Completion for the Users and the Items in Tail},
	year = {2019},
	isbn = {9781450366748},
	publisher = {Association for Computing Machinery},
	address = {New York, NY, USA},
	url = {https://doi.org/10.1145/3308558.3313736},
	doi = {10.1145/3308558.3313736},
	booktitle = {The World Wide Web Conference},
	pages = {3223–3229},
	numpages = {7},
	keywords = {Matrix completion, Collaborative filtering, Recommender systems, Matrix factorization},
	location = {San Francisco, CA, USA},
	series = {WWW '19}
}

@INPROCEEDINGS{jiang:2007,
	author={Jiang, Liangxiao and Cai, Zhihua and Wang, Dianhong and Jiang, Siwei},
	booktitle={Fourth International Conference on Fuzzy Systems and Knowledge Discovery (FSKD 2007)}, 
	title={Survey of Improving K-Nearest-Neighbor for Classification}, 
	year={2007},
	volume={1},
	number={},
	pages={679-683},	
	doi={10.1109/FSKD.2007.552}
}

@article{kumaran:2013,
	journal={International Journal of Metadata, Semantics and Ontologies}, 	
	volume={8},
	number={1},
	year={2013},
	author={Senthil Kumaran, V. and Sankar, A.},
	title={Towards an automated system for intelligent screening of candidates for recruitment using ontology mapping (EXPERT)}, 
	pages={56-64},
}

@INPROCEEDINGS{shalaby:2017,
	author={Shalaby, Walid and AlAila, BahaaEddin and Korayem, Mohammed and Pournajaf, Layla and AlJadda, Khalifeh and Quinn, Shannon and Zadrozny, Wlodek},
	booktitle={2017 IEEE International Conference on Big Data (Big Data)}, 
	title={Help me find a job: A graph-based approach for job recommendation at scale}, 
	year={2017},
	volume={},
	number={},
	pages={1544-1553},
	doi={10.1109/BigData.2017.8258088}
}

@INPROCEEDINGS{almalis:2014,
	author={Almalis, Nikolaos D. and Tsihrintzis, George A. and Karagiannis, Nikolaos},
	booktitle={IISA 2014, The 5th International Conference on Information, Intelligence, Systems and Applications}, 
	title={A content based approach for recommending personnel for job positions}, 
	year={2014},
	volume={},
	number={},
	pages={45-49},
	doi={10.1109/IISA.2014.6878720}
}

@incollection{stegemann:2020,
	doi = {10.1007/978-3-658-29995-8_7},
	url = {https://doi.org/10.1007/978-3-658-29995-8_7},
	year = {2020},
	publisher = {Springer Gabler},
	address={Wiesbaden},
	pages = {159--176},
	author = {Manuel Stegemann and Thomas Suwelack},
	title = {A/B-Testing {\textendash} Verfahren zur Optimierung der digitalen Interaktion zwischen Konsumenten und Unternehmen},
	booktitle = {Data-driven Marketing: Insights aus Wissenschaft und Praxis},
	editor={Silvia Boßow-Thies and Christina Hofmann-Stölting and Heike Jochims}
}

@INPROCEEDINGS{mohamed:2018,
	author={Mohamed, Ashif and Bagawathinathan, Wickram and Iqbal, Usama and Shamrath, Shahik and Jayakody, Anuradha},
	booktitle={2018 IEEE International Conference on Information and Automation for Sustainability (ICIAfS)},
	title={Smart Talents Recruiter - Resume Ranking and Recommendation System},
	year={2018},
	volume={},	
	number={},
	pages={1-5},	
	doi={10.1109/ICIAFS.2018.8913392}
}

@inproceedings{pizzato:2010,
	author={Luiz Pizzato and Tomek Rej and Thomas Chung and Irena Koprinska and Judy Kay},
	title={RECON: A Reciprocal Recommender for Online Dating},
	year={2010},
	publisher={Association for Computing Machinery},
	address={New York, NY, USA},
	booktitle={Proceedings of the Fourth ACM Conference on Recommender Systems},
	pages={207-214},
	numpages={8},
	location={Barcelona, Spain},
	series={RecSys '10}
}

@Article{pizzato:2013,
	author={Pizzato, Luiz and Rej, Tomasz and Akehurst, Joshua and Koprinska, Irena and Yacef, Kalina and Kay, Judy},
	title={Recommending people to people: the nature of reciprocal recommenders with a case study in online dating},
	journal={User Modeling and User-Adapted Interaction},
	year={2013},
	month={11},
	day={01},
	volume={23},
	number={5},
	pages={447-488},
	issn={1573-1391},
	doi={10.1007/s11257-012-9125-0},
	url={https://doi.org/10.1007/s11257-012-9125-0}
}

@book{russell:book,
  title={Right Person -- Right Job: Guess Or Know : the Breakthrough Technologies of Performance Information},
  author={Russell, C.},
  isbn={9780874257472},
  lccn={2004304941},
  series={BusinessPro collection},
  url={https://books.google.de/books?id=bewCsJGgOQUC},
  year={2002},
  publisher={HRD Press},
  pages          = {64}
}

@book{ricci:book,
  author         = {Ricci, Francesci and Rokach, Lior and Shapira, Bracha},
  address        = {New York},
  publisher      = {Springer Science + Business Media},
  title          = {Recommender Systems Handbook},
  year           = {2015},
  edition        = {2},
  isbn           = {978-1-4899-7636-9}
}

@book{klahold:book,
  address = {Wiesbaden},
  author = {Klahold, André},
  publisher = {Vieweg + Teubner Verlag},
  title = {Empfehlungssysteme: Recommender Systems - Grundlagen, Konzepte und Lösungen},
  year = {2009},
  isbn = {978-3-8348-0568-3}
}

@inproceedings{adomavicius:inproceedings,
  author          = {Adomavicius, G. and Tuzhilin, A},
  booktitle       = {IEEE Transactions on Knowledge and Data Engineering},
  volume          = {17},
  editor          = {IEEE},
  title           = {Toward the Next Generation of Recommender Systems: A Survey of the State-of-the-Art and Possible Extensions},
  year            = {2005},
  month           = {06},
  pages           = {734-749},
  doi             = {10.1109/TKDE.2005.99}
}

@inproceedings{lakiotaki:inproceedings,
  author          = {Lakiotaki, Kleanthi and Tsafarakis, Stelios and Matsatsinis, Nikolaos},
  booktitle       = {Proceedings of the {2008} ACM Conference on Recommender Systems},
  editor          = {Association for Computing Machinery},
  title           = {UTA-Rec: a recommender system based on multiple criteria analysis},
  year            = {2008},
  pages           = {219-225}
}

@inproceedings{jannach:inproceedings,
  author          = {Jannach, Dietmar and Zanker, Markus and Ge, Mouzhi and Gröning, Marian},
  address         = {Wien, Österreich},
  booktitle       = {E-Commerce and Web Technologies -  13th International Conference, EC-Web 2012},
  editor          = {Huemer, Crhistian and Lops, Pasquale},
  title           = {Recommender Systems in Computer Science and Information Systems - A Landscape of Research},
  publisher       = {Springer},
  year            = {2012},
  month           = {09},
  pages           = {76-87},
}

@book{book:kallrath,
  author         = {Kallrath, Josef},
  publisher      = {Springer Spektrum},
  volume         = {2},
  title          = {Gemischt-ganzzahlige Optimierung: Modellierung in der Praxis Mit Fallstudien Aus Chemie, Energiewirtschaft, Papierindustrie, Metallgewerbe, Produktion und Logistik},
  year           = {2013},
  isbn           = {978-3-658-00689-1},
}

@inproceedings{adomavicius:inproceedings:2,
  author          = {Adomavicius, Gediminas and Kwon, YoungOk},
  booktitle       = {IEEE Intelligent Systems},
  editor          = {IEEEComputer Society},
  title           = {New Recommendation Techniques for Multicriteria Rating Systems},
  year            = {2007},
  month           = {06},
  pages           = {48-55},
}

@inproceedings{jadidinejad:inproceedings,
  author          = {Amir H. Jadidinejad and Craig Macdonald and Iadh Ounis},
  booktitle       = {Proceedings of The 2019 ACM SIGIR International Conference on the Theory of Information Retrieval},
  editor          = {Association for Computing Machinery},
  address         = {Santat Clara, CA, USA},
  title           = {Unifying Explicit and Implicit Feedback for Rating Prediction and Ranking Recommendation Tasks},
  year            = {2019},
  month           = {10},
  pages           = {149-156},
  url             = {https://doi.org/10.1145/3341981.3344225}
}

@article{unternährer:article,
  author          = {Markus Unternährer},
  journal         = {Kölner Zeitschrift für Soziologie und Sozialpsychologie},
  number          = {73},
  title           = {Die Ordnung von Empfehlungen},
  volume          = {1},
  year            = {2021},
  month           = {05},
  day			  = {11},
  pages           = {397-423},
  url             = {https://doi.org/10.1007/s11577-021-00753-z}
}

@booklet{link:booklet,
  author       = {Johannes Link},
  title        = {Besetzung offener Projektpositionen durch ein bilaterales Empfehlungssystem},
  organization = {Hochschule Karlsruhe - Fakultät für Informatik und Wirtschaftsinformatik},
  year		   = {2021}
}

@article{jawaheer:article,
author = {Jawaheer, Gawesh and Weller, Peter and Kostkova, Patty},
title = {Modeling User Preferences in Recommender Systems: A Classification Framework for Explicit and Implicit User Feedback},
year = {2014},
issue_date = {July 2014},
publisher = {Association for Computing Machinery},
address = {New York, NY, USA},
volume = {4},
number = {2},
url = {https://doi.org/10.1145/2512208},
doi = {10.1145/2512208},
journal = {ACM Trans. Interact. Intell. Syst.},
month = {06},
articleno = {8},
pages = {26},
}

@book{pollert:book,
	AUTHOR = {Pollert, Achim AND Kirchner, Bernd AND Polzin, Javier Morato},
	YEAR = {2016},
	TITLE = {Duden Wirtschaft von A bis Z: Grundlagenwissen für Schule und Studium, Beruf und Alltag},
	EDITION = {6},
	ISBN = {978-3-411-70961-8},
	PUBLISHER = {Dudenverlag},
	ADDRESS = {Mannheim},
}

@article{ekstrand:article,
author = {Ekstrand, Michael D. and Riedl, John T. and Konstan, Joseph A.},
title = {Collaborative Filtering Recommender Systems},
year = {2011},
issue_date = {February 2011},
publisher = {Now Publishers Inc.},
address = {Hanover, MA, USA},
volume = {4},
number = {2},
journal = {Foundations and Trends in Human-Computer Interaction},
month = {02},
pages = {81-173},
}

@article{berkovsky:article,
  author          = {Berkovsky, S. and Kuflik, T. and Ricci, F},
  journal         = {User Model User-Adap Inter},
  number          = {18},
  title           = {Mediation of user models for enhanced personalization in recommender systems},
  year            = {2008},
  month           = {11},
  day			  = {03},
  pages           = {245-286},
  doi             = {https://doi.org/10.1007/s11257-007-9042-9},
}

@article{berkovsky:2:article,
  author          = {Berkovsky, S. and Kuflik, T. and Ricci, F},
  journal         = {User Model User-Adap Inter},
  number          = {19},
  title           = {Cross-representation mediation of user models},
  year            = {2009},
  month           = {09},
  day			  = {10},
  pages           = {35-63},
  doi             = {https://doi.org/10.1007/s11257-008-9055-z},
}

@inproceedings{akehurst:inproceedings,
author = {Akehurst, Joshua and Koprinska, Irena and Yacef, Kalina and Pizzato, Luiz and Kay, Judy and Rej, Tomasz},
year = {2011},
month = {01},
pages = {2199-2204},
title = {CCR - A Content-Collaborative Reciprocal Recommender for Online Dating},
journal = {IJCAI International Joint Conference on Artificial Intelligence},
doi = {10.5591/978-1-57735-516-8/IJCAI11-367}
}

@article{terveen:article,
author = {Terveen, Loren and McDonald, David W.},
title = {Social Matching: A Framework and Research Agenda},
year = {2005},
issue_date = {September 2005},
publisher = {Association for Computing Machinery},
address = {New York, NY, USA},
volume = {12},
number = {3},
issn = {1073-0516},
url = {https://doi.org/10.1145/1096737.1096740},
doi = {10.1145/1096737.1096740},
journal = {ACM Trans. Comput.-Hum. Interact.},
month = {09},
pages = {401-434},
numpages = {34},
}

@InProceedings{kim:inproceedings,
author={Kim, Yang Sok and Mahidadia, Ashesh and Compton, Paul and Krzywicki, Alfred and Wobcke, Wayne and Cai, Xiongcai and Bain, Michael},
editor={Thielscher, Michael and Zhang, Dongmo},
title={People-to-People Recommendation Using Multiple Compatible Subgroups},
booktitle={AI 2012: Advances in Artificial Intelligence},
year={2012},
publisher={Springer Berlin Heidelberg},
address={Berlin, Heidelberg},
pages={61-72},
isbn={978-3-642-35101-3}
}

@inproceedings{kleinerman:inproceedings,
author = {Kleinerman, Akiva and Rosenfeld, Ariel and Kraus, Sarit},
title = {Providing Explanations for Recommendations in Reciprocal Environments},
year = {2018},
isbn = {9781450359016},
publisher = {Association for Computing Machinery},
address = {New York, NY, USA},
url = {https://doi.org/10.1145/3240323.3240362},
doi = {10.1145/3240323.3240362},
booktitle = {Proceedings of the 12th ACM Conference on Recommender Systems},
pages = {22-30},
numpages = {9},
location = {Vancouver, British Columbia, Canada},
series = {RecSys '18}
}

@inproceedings{kleinerman:2:inproceedings,
author = {Kleinerman, Akiva and Rosenfeld, Ariel and Ricci, Francesco and Kraus, Sarit},
title = {Optimally Balancing Receiver and Recommended Users' Importance in Reciprocal Recommender Systems},
year = {2018},
isbn = {9781450359016},
publisher = {Association for Computing Machinery},
address = {New York, NY, USA},
url = {https://doi.org/10.1145/3240323.3240349},
doi = {10.1145/3240323.3240349},
booktitle = {Proceedings of the 12th ACM Conference on Recommender Systems},
pages = {131-139},
numpages = {9},
location = {Vancouver, British Columbia, Canada},
series = {RecSys '18}
}

@inproceedings{tu:inproceedings,
author = {Tu, Kun and Ribeiro, Bruno and Jensen, David and Towsley, Don and Liu, Benyuan and Jiang, Hua and Wang, Xiaodong},
title = {Online Dating Recommendations: Matching Markets and Learning Preferences},
year = {2014},
isbn = {9781450327459},
publisher = {Association for Computing Machinery},
address = {New York, NY, USA},
url = {https://doi.org/10.1145/2567948.2579240},
doi = {10.1145/2567948.2579240},
booktitle = {Proceedings of the 23rd International Conference on World Wide Web},
pages = {787-792},
numpages = {6},
location = {Seoul, Korea},
series = {WWW '14 Companion}
}

@inproceedings{palomares:inproceedings,
author = {Palomares, Iv\'{a}n},
title = {Reciprocal Recommendation: Matching Users with the Right Users},
year = {2020},
isbn = {9781450380164},
publisher = {Association for Computing Machinery},
address = {New York, NY, USA},
url = {https://doi.org/10.1145/3397271.3401420},
doi = {10.1145/3397271.3401420},
booktitle = {Proceedings of the 43rd International ACM SIGIR Conference on Research and Development in Information Retrieval},
pages = {2429-2431},
numpages = {3},
location = {Virtual Event, China},
series = {SIGIR '20}
}

@article{yildirim:article,
title = {biDeepFM: A multi-objective deep factorization machine for reciprocal recommendation},
journal = {Engineering Science and Technology, an International Journal},
volume = {24},
number = {6},
pages = {1467-1477},
year = {2021},
issn = {2215-0986},
doi = {https://doi.org/10.1016/j.jestch.2021.03.010},
url = {https://www.sciencedirect.com/science/article/pii/S2215098621000744},
author = {Ezgi Yıldırım and Payam Azad and Şule {Gündüz Öğüdücü}},
}

@inbook{kazienko:inbook,
author = {Kazienko, Przemysław and Musial, Katarzyna},
year = {2006},
month = {11},
pages = {111-120},
title = {Recommendation Framework for Online Social Networks},
volume = {23},
editor         = {Francesco Ricci and Lior Rokach and Bracha Shapira and Paul B. Kantor},
isbn = {3-540-33879-9},
journal = {Studies in Computational Intelligence},
doi = {10.1007/3-540-33880-2_12}
}

@Inbook{koprinska:inbook,
author="Koprinska, Irena and Yacef, Kalina",
editor="Ricci, Francesco and Rokach, Lior and Shapira, Bracha",
title="People-to-People Reciprocal Recommenders",
bookTitle="Recommender Systems Handbook",
year="2015",
publisher="Springer US",
address="Boston, MA",
pages="545-567",
isbn="978-1-4899-7637-6",
doi="10.1007/978-1-4899-7637-6_16",
url="https://doi.org/10.1007/978-1-4899-7637-6_16"
}

@Inbook{ricci:inbook,
author="Ricci, Francesco and Rokach, Lior and Shapira, Bracha",
editor="Ricci, Francesco and Rokach, Lior and Shapira, Bracha",
title="Recommender Systems: Introduction and Challenges",
bookTitle="Recommender Systems Handbook",
year="2015",
publisher="Springer US",
address="Boston, MA",
pages="1-34",
isbn="978-1-4899-7637-6",
doi="10.1007/978-1-4899-7637-6_1",
url="https://doi.org/10.1007/978-1-4899-7637-6_1"
}

@Inbook{adomavicius:3:inbook,
author="Adomavicius, Gediminas and Tuzhilin, Alexander",
editor="Ricci, Francesco
and Rokach, Lior
and Shapira, Bracha",
title="Context-Aware Recommender Systems",
bookTitle="Recommender Systems Handbook",
year="2015",
publisher="Springer US",
address="Boston, MA",
pages="191-226",
isbn="978-1-4899-7637-6",
doi="10.1007/978-1-4899-7637-6_6",
url="https://doi.org/10.1007/978-1-4899-7637-6_6"
}

@Inbook{adomavicius:4:inbook,
author="Adomavicius, Gediminas
and Kwon, YoungOk",
editor="Ricci, Francesco
and Rokach, Lior
and Shapira, Bracha",
title="Multi-Criteria Recommender Systems",
bookTitle="Recommender Systems Handbook",
year="2015",
publisher="Springer US",
address="Boston, MA",
pages="847-880",
isbn="978-1-4899-7637-6",
doi="10.1007/978-1-4899-7637-6_25",
url="https://doi.org/10.1007/978-1-4899-7637-6_25"
}

@inproceedings{li:inproceedings,
author = {Li, Lei and Li, Tao},
title = {MEET: A Generalized Framework for Reciprocal Recommender Systems},
year = {2012},
isbn = {9781450311564},
publisher = {Association for Computing Machinery},
address = {New York, NY, USA},
url = {https://doi.org/10.1145/2396761.2396770},
doi = {10.1145/2396761.2396770},
booktitle = {Proceedings of the 21st ACM International Conference on Information and Knowledge Management},
pages = {35-44},
numpages = {10},
location = {Maui, Hawaii, USA},
series = {CIKM '12}
}

@inproceedings{diaz:inproceedings,
author = {Diaz, Fernando and Metzler, Donald and Amer-Yahia, Sihem},
title = {Relevance and Ranking in Online Dating Systems},
year = {2010},
isbn = {9781450301534},
publisher = {Association for Computing Machinery},
address = {New York, NY, USA},
url = {https://doi.org/10.1145/1835449.1835463},
doi = {10.1145/1835449.1835463},
booktitle = {Proceedings of the 33rd International ACM SIGIR Conference on Research and Development in Information Retrieval},
pages = {66-73},
numpages = {8},
location = {Geneva, Switzerland},
series = {SIGIR '10}
}

@misc{dekhtyar:misc,
  author       = {Alexander Dekhtyar},
  howpublished = {\url{http://users.csc.calpoly.edu/~dekhtyar/466-Fall2021/lectures/lec11.466.pdf}},
  title        = {Collaborative Filtering and Recommender Systems},
  year         = {2009},
  note         = {Lecture Notes of Course CSC 466: Knowledge Discovery From Data; Department of Computer Science and Software Engineering, California Polytechnic State University}
}

@article{jannach:article,
  title={Price and Profit Awareness in Recommender Systems},
  author={D. Jannach and Gediminas Adomavicius},
  journal={ArXiv},
  year={2017},
  volume={abs/1707.08029},
  url       = {http://arxiv.org/abs/1707.08029},
}

@ARTICLE{adomavicius:article,
  author={Adomavicius, Gediminas and Kwon, YoungOk},
  journal={IEEE Transactions on Knowledge and Data Engineering}, 
  title={Improving Aggregate Recommendation Diversity Using Ranking-Based Techniques}, 
  year={2012},
  volume={24},
  number={5},
  pages={896-911},
  doi={10.1109/TKDE.2011.15}}

@Inbook{ning:inbook,
author="Ning, Xia
and Desrosiers, Christian
and Karypis, George",
editor="Ricci, Francesco
and Rokach, Lior
and Shapira, Bracha",
title="A Comprehensive Survey of Neighborhood-Based Recommendation Methods",
bookTitle="Recommender Systems Handbook",
year="2015",
publisher="Springer US",
address="Boston, MA",
pages="37-76",
isbn="978-1-4899-7637-6",
doi="10.1007/978-1-4899-7637-6_2",
url="https://doi.org/10.1007/978-1-4899-7637-6_2"
}

@InProceedings{yadav:inproceedings,
author="Yadav, Naina
and Mundotiya, Rajesh Kumar
and Singh, Anil Kumar
and Pal, Sukomal",
editor="Abraham, Ajith
and Shandilya, Shishir K.
and Garcia-Hernandez, Laura
and Varela, Maria Leonilde",
title="Diversity in Recommendation System: A Cluster Based Approach",
booktitle="Hybrid Intelligent Systems",
year="2021",
publisher="Springer International Publishing",
address="Cham",
pages="113-122",
isbn="978-3-030-49336-3"
}

@article{das:article,
  author    = {Aparna Das and
               Claire Mathieu and
               Daniel Ricketts},
  title     = {Maximizing profit using recommender systems},
  journal   = {CoRR},
  volume    = {abs/0908.3633},
  year      = {2009},
  url       = {http://arxiv.org/abs/0908.3633},
  eprinttype = {arXiv},
  eprint    = {0908.3633},
  timestamp = {Fri, 26 Jul 2019 11:29:35 +0200},
  biburl    = {https://dblp.org/rec/journals/corr/abs-0908-3633.bib},
  bibsource = {dblp computer science bibliography, https://dblp.org}
}

@INPROCEEDINGS{gupta:inproceedings,
  author={Gupta, Shweta and Kant, Vibhor},
  booktitle={2020 4th International Conference on Intelligent Computing and Control Systems (ICICCS)}, 
  title={A Review and Classification of Multi-Criteria Recommender Systems}, 
  year={2020},
  volume={},
  number={},
  pages={1156-1162},
  doi={10.1109/ICICCS48265.2020.9120983}}

@article{herlocker:article,
author = {Herlocker, Jonathan L. and Konstan, Joseph A. and Terveen, Loren G. and Riedl, John T.},
title = {Evaluating Collaborative Filtering Recommender Systems},
year = {2004},
issue_date = {January 2004},
publisher = {Association for Computing Machinery},
address = {New York, NY, USA},
volume = {22},
number = {1},
issn = {1046-8188},
url = {https://doi.org/10.1145/963770.963772},
doi = {10.1145/963770.963772},
journal = {ACM Trans. Inf. Syst.},
month = {01},
pages = {5-53},
numpages = {49},
}

@inproceedings{mcnee:inproceedings,
author = {McNee, Sean and Riedl, John and Konstan, Joseph},
year = {2006},
month = {04},
pages = {1097-1101},
title = {Being accurate is not enough: How accuracy metrics have hurt recommender systems},
journal = {CHI '06 Extended Abstracts},
doi = {10.1145/1125451.1125659}
}

@article{manouselis:article,
  author          = {Manouselis, N. and Costopoulou, C.},
  journal         = {World Wide Web},
  number          = {4},
  title           = {Analysis and Classification of Multi-Criteria Recommender Systems},
  volume          = {10},
  year            = {2007},
  pages           = {415-441},
  url             = {https://doi.org/10.1007/s11280-007-0019-8}
}

@ARTICLE{lakiotaki:article, 
author={Lakiotaki, Kleanthi and Matsatsinis, Nikolaos F. and Tsoukiàs, Alexis}, 
journal={IEEE Intelligent Systems},
title={Multicriteria User Modeling in Recommender Systems},
year={2011},
volume={26},
number={2},
pages={64-76},
doi={10.1109/MIS.2011.33}
}

@book{ehrgott:book,
  author         = {Matthias Ehrgott},
  edition        = {2},
  publisher      = {Springer Berlin, Heidelberg},
  title          = {Multicriteria Optimization},
  year           = {2005},
  doi            = {https://doi.org/10.1007/3-540-27659-9},
}

@inbook{adomavicius:5:inbook,
author = {Adomavicius, Gediminas and Manouselis, Nikos and Kwon, YoungOk},
year = {2011},
month = {10},
pages = {769-803},
title = {Multi-Criteria Recommender Systems},
doi = {10.1007/978-0-387-85820-3_24}
}

@article{yueming:article,
  author    = {Yueming Sun and Yi Zhang},
  title     = {Conversational Recommender System},
  journal   = {Converence on Research and Development in Information Retrieval (CoRR)},
  number    = {4},
  year      = {2018},
  url       = {http://arxiv.org/abs/1806.03277}
}